2596 4710
155 244 269 357 anam
549 272 869 363 Prologomona.

155 457 260 539 geticis
287 456 390 535 potins
422 455 669 534 conjunctionem
697 456 880 530 suaderent,
913 455 1084 517 britolium
1107 455 1245 530 cyrotus

153 568 289 630 Luceria.
333 567 533 628 Nihilominus
563 568 616 629 rex'
643 568 788 628 unionem
816 585 904 627 suam
925 566 1011 625 initio
1042 565 1150 627 leviter
1173 584 1245 625 mox

153 679 288 741 scamna
310 677 466 738 inductam
487 697 581 756 quum
604 677 701 739 nollet
722 676 762 738 ad
783 678 903 737 irritum
923 675 1052 750 cadere3
1083 675 1123 736 ad
1144 677 1244 737 Mele-

152 790 227 855 tlnm
248 788 486 859 Alexandrinum
508 789 612 851 literas
645 787 849 865 perhumanae
872 788 938 864 ipae
962 785 1062 862 dedit,
1095 802 1189 862 quem
1210 790 1245 844 et

152 900 293 966 doctrina
324 904 356 963 et
383 902 533 981 gravitate
567 903 660 975 etqua
686 899 870 961 anctoritate
900 898 1050 976 insignem
1082 895 1123 957 ad
1154 914 1243 955 suam

151 1016 271 1088 partem
293 1010 415 1072 nllicore
438 1011 534 1089 ipsius
556 1011 712 1071 intererat.
755 1008 798 1069 at
818 1025 891 1067 vero
911 1007 1064 1085 dleletius,
1087 1010 1138 1084 qui
1160 1026 1242 1067 sem-

150 1139 207 1197 por
229 1124 261 1182 et
280 1121 394 1197 ubique
413 1121 546 1182 Romani
575 1118 728 1199 pontificia
759 1120 965 1198 arrogantiam
996 1118 1045 1177 uel
1067 1118 1162 1176 irrisit
1192 1117 1241 1175 rel

151 1226 285 1311 graviter
316 1232 476 1305 refutavit,
514 1232 674 1307 rescripsit
710 1229 847 1291 modeste
886 1247 922 1287 ac
960 1229 1150 1301 verecunde,
1186 1227 1243 1287 sed

151 1359 272 1409 omnem
301 1360 371 1402 cnm
400 1342 559 1405 catholicis
597 1338 793 1401 concordiam
821 1358 976 1401 amovens.
1020 1339 1086 1397 llas
1121 1339 1241 1399 litteras

150 1469 208 1528 per
230 1450 376 1526 Gyrillum
399 1453 560 1513 Luceriam
589 1454 654 1533 regi
683 1452 867 1525 transmisit,
897 1469 987 1526 qnam
1009 1449 1068 1509 hac
1090 1450 1163 1509 data
1187 1468 1242 1507 oc·

151 1562 274 1622 cacione
296 1564 324 1623 ei
347 1561 539 1622 commendat
569 1565 602 1623 et
622 1581 696 1622 suae
718 1561 799 1623 sedis
821 1560 993 1621 Euarchuxn
1015 1559 1185 1638 appellarit
1200 1559 1241 1634 ¹).

151 1674 220 1749 Qua
240 1672 362 1751 quidem
384 1674 476 1733 animi
496 1673 679 1735 liberalitate
700 1692 754 1734 rex
781 1675 868 1732 unta
897 1672 961 1731 irae
987 1669 1244 1731 excandescentia

148 1784 395 1869 pernotasset,
423 1787 459 1844 ut
488 1803 550 1844 non
583 1784 684 1846 solum
703 1783 819 1844 dialetii
847 1781 994 1860 epistolas
1009 1778 1042 1858 ⁹)
1065 1782 1171 1857 quavis
1194 1781 1243 1840 ria

149 1895 373 1971 supprimeret3
395 1893 450 1954 aed
471 1896 564 1957 etiarn
585 1894 794 1955 crudelissime
817 1894 849 1952 in
870 1891 1019 1965 Graecos,
1041 1908 1112 1951 curu
1134 1891 1244 1951 catho-

148 2003 216 2063 licis
239 2005 455 2064 commercium
476 2006 644 2080 asarmot,
663 2005 803 2066 saeviret.
837 2003 1058 2079 Nicephorum,
1079 2000 1243 2063 comunt.

95 2140 109 2203 ᾗ
148 2113 347 2181 Patriarcbae
376 2115 552 2191 exarchum,
580 2119 705 2196 captum
725 2115 837 2192 hqueo
856 2114 1027 2187 interemit,
1059 2115 1092 2175 et
1124 2112 1241 2187 cyrino

148 2223 245 2285 simile
269 2224 342 2302 quid
364 2226 544 2301 accidisset,
576 2228 636 2287 nisi
657 2226 732 2307 iuga
754 2226 845 2286 saluti
868 2229 899 2284 et
919 2225 999 2283 vitae
1020 2223 1240 2299 prosperisset.

148 2337 234 2412 Quae
257 2336 336 2396 enim
360 2334 466 2397 sabula
494 2335 534 2397 de
564 2336 632 2414 ejus
654 2337 895 2398 dissimulatione
917 2353 955 2395 ac
979 2333 1050 2393 dolo
1073 2351 1091 2392 a
1112 2332 1242 2393 Jeauitis

147 2464 255 2524 sparsa
276 2450 341 2521 est,
370 2464 440 2506 enm
468 2445 592 2524 prolata
619 2447 722 2524 eliqua
750 2445 921 2507 catholicae
944 2442 1015 2503 tidei
1044 2442 1240 2503 confessione

146 2576 180 2619 ao
201 2559 387 2621 subtraxisse
416 2556 586 2634 supplicio,
619 2559 648 2618 ei
671 2576 759 2617 nemo
781 2555 872 2617 fidem
895 2555 1037 2627 habebit,
1072 2555 1125 2631 qui
1155 2553 1240 2613 illins

147 2670 268 2749 generis
289 2666 378 2730 dolos
400 2670 433 2726 et
453 2667 578 2743 fucum,
604 2665 711 2745 cyrilli
733 2668 936 2729 constantiam
959 2685 996 2726 ae
1016 2665 1237 2739 sinceritatem,

146 2833 355 2853 -uau-u-r-

213 2927 245 2998 1)
269 2926 492 3001 heymonem
509 2929 529 2984 i.
544 2931 563 2984 l.
589 2930 635 2985 lV.
660 2948 687 3003 p.
706 2934 766 2989 467.
801 2930 887 2985 Smith
908 2931 925 2985 i
946 2931 965 2984 l.
991 2946 1018 3000 p.
1041 2932 1084 2984 oo
1103 2922 1238 2998 Ἔξαρχοι

145 3026 213 3069 vero
234 3011 314 3082 legati
338 3011 443 3068 luemnt
458 3011 681 3081 patriarcharum,
698 3018 812 3071 maxime
831 3031 850 3067 a
866 3013 1079 3083 Gousmminop,
1100 3015 1143 3068 ubi
1167 3032 1237 3084 opita

146 3114 208 3153 ease
224 3096 381 3163 videbator,
399 3098 488 3153 emissi
506 3100 541 3154 ad
563 3101 725 3171 colligendas
748 3095 890 3172 pecunias,
908 3100 1002 3173 quibua
1025 3096 1057 3153 τό
1079 3095 1238 3167 χαράτζιον,

146 3188 177 3236 ut
191 3178 328 3236 dicebatur
347 3181 471 3238 tributum
492 3184 564 3255 illud,
581 3184 695 3239 Sullano
718 3185 924 3256 persolveretur.
960 3184 1030 3238 Dieti
1049 3184 1147 3239 deiude
1165 3194 1236 3248 errat,

145 3266 297 3339 quicunque
317 3267 352 3321 ad
372 3282 418 3322 rea
443 3269 538 3325 eccles.
565 3268 728 3325 ordinandas
754 3278 782 3324 et
801 3268 1000 3323 constituendas
1027 3289 1044 3325 a
1069 3270 1237 3343 patriarchia,

146 3368 260 3423 prmum
281 3352 355 3406 sicea
376 3353 608 3421 administrabant,
625 3354 749 3424 delegati.

212 3466 243 3532 2)
260 3462 357 3523 Plures
376 3463 479 3518 misius
492 3461 633 3520 Metellum
655 3462 799 3534 epistolae,
816 3465 875 3534 lpse
891 3462 1005 3535 (tyrillus
1026 3461 1139 3518 lancearis
1161 3465 1239 3521 testis

145 3557 195 3613 at,
212 3548 327 3607 moer
348 3551 500 3607 modom
515 3569 542 3622 p.
560 3552 635 3609 tote
659 3546 775 3618 Contigit
795 3550 974 3607 Almoodrino
995 3549 1169 3606 Patrimcime
1191 3568 1237 3620 pa·

144 3635 282 3693 trocininrn
298 3634 353 3691 boc
372 3653 405 3692 aa
416 3638 580 3708 accepisse,
596 3649 647 3688 nec
666 3633 782 3702 neglexit
803 3636 920 3690 scribere
934 3636 968 3689 ad
991 3653 1092 3707 regem,
1110 3635 1152 3691 ed
1169 3634 1236 3690 Ma·

141 3726 246 3792 qnater
258 3736 373 3783 omnes.
391 3720 492 3776 hortari
513 3720 591 3786 illos,
609 3735 664 3789 quo
686 3716 747 3773 lieri
770 3720 871 3791 potnit,
889 3721 1029 3790 protestari
1051 3737 1101 3793 pro
1120 3718 1236 3789 justitia,

144 3821 196 3877 pro
206 3803 278 3875 jure,
287 3824 338 3876 pro
353 3806 441 3879 legunt
453 3805 611 3870 reverentia,
630 3812 656 3859 et
670 3803 776 3858 undem
791 3820 895 3874 rogare,
913 3804 1065 3860 obsecrare.
1093 3805 1128 3858 Aa
1145 3807 1238 3860 oruata

143 3906 230 3953 vana3
248 3890 335 3947 adbuc
350 3909 436 3963 nsque
456 3891 526 3947 illinc
551 3891 650 3947 certior
671 3889 758 3943 tactus
781 3906 849 3955 aum,
868 3889 944 3960 pejus
966 3892 1152 3961 ingravescere
1173 3910 1234 3963 per

143 3977 306 4033 secutionem
328 3987 355 4032 et
371 3977 534 4046 violentiam,
551 3992 605 4046 quo
627 3976 688 4048 plns
703 3984 731 4028 et
746 3973 917 4030 Moscoviem
934 3993 1067 4047 occrrpnre
1080 3977 1235 4047 desperant.

143 4057 180 4114 Et
195 4061 284 4131 paullo
299 4073 361 4134 post
376 4063 546 4134 conqueritur
563 4063 598 4119 de
610 4061 771 4118 Jesuitamm
787 4060 1033 4127 urachioationibua‚
1051 4063 1147 4131 quibua
1169 4062 1235 4116 solia

142 4142 262 4201 affectum
280 4148 330 4214 alt,
349 4156 378 4202 ut
392 4147 507 4216 Potoni,
525 4146 631 4204 Liuiani
648 4158 675 4202 st
691 4145 804 4214 Ruteni,
827 4162 863 4200 rre
883 4144 979 4200 diutius
997 4146 1051 4202 rim
1070 4156 1234 4220 pateremur,

141 4231 271 4289 acclee'nrs
282 4250 316 4295 ss
329 4231 496 4305 subjecerint
512 4233 660 4290 Romanae
