2596 4710
408 340 734 437 Protogomeaa.
989 365 1128 416 uxxxnr

79 531 404 611 raboduopotttunam
426 528 604 590 muneribus
624 528 836 611 tangerentur.
879 528 927 590 Da
946 548 1009 608 qua
1027 550 1064 593 ra
1083 533 1127 593 tta
1218 589 1222 597 .

80 648 147 722 tiso,
168 643 269 705 tuisse
290 654 363 702 sero
377 638 747 718 Constantinopolitaoam
768 639 930 715 synodum,
949 638 1019 721 aius
1035 640 1128 723 ιΙιιιιιι

80 756 195 818 atotatu
220 752 398 829 synodicam
419 744 549 824 dasium,
571 762 633 827 quo
654 741 694 811 ab
714 750 836 812 Juanue
850 745 966 811 Besilto
986 751 1129 813 vorren·

87 868 170 929 duee
186 866 280 927 etiam
295 862 473 923 sacerdotes
490 862 649 921 conooooti
665 864 782 935 essent,
796 860 1006 923 trausmtssam
1022 854 1129 938 tuisse,

96 978 141 1039 ibi
174 994 195 1037 a
222 975 356 1035 Russiae
385 972 513 1053 legatis,
550 964 602 1049 qui
638 965 772 1053 lttogtlaa
811 966 987 1035 catechismi
1016 988 1131 1055 perpo-

80 1080 128 1149 ndi
151 1088 252 1169 gratia
267 1085 385 1146 Jasium
407 1084 567 1157 uenerant,
591 1078 680 1141 simut
702 1072 945 1145 oouflrrnaretur·
982 1083 1026 1146 Id
1047 1087 1131 1161 quod

80 1189 337 1271 nossoncourt,
367 1186 420 1271 qut
449 1190 691 1271 subscriptiones
712 1203 745 1271 p.
768 1186 842 1255 420.
866 1206 937 1254 suut
958 1185 1132 1276 togatorum

80 1300 408 1379 mathesuentem
430 1299 483 1382 qui
506 1303 704 1382 appellantur
725 1302 901 1365 aNeoturio
915 1316 947 1383 pt
966 1303 1018 1367 td.
1051 1306 1135 1369 Sunt

80 1417 121 1484 Ιιιι
143 1411 237 1479 iidem
257 1420 325 1478 riri.
367 1416 410 1479 nt
430 1424 614 1493 quamquam
643 1414 767 1491 patres,
796 1416 849 1492 qui
879 1408 1157 1493 Hierosolymtsa-.

80 1550 96 1593 s
124 1530 246 1607 synodo
276 1525 500 1601 interfuerunt,
523 1524 563 1585 ds
584 1539 619 1585 ro
641 1520 820 1586 obscuriore
849 1526 963 1587 elarius
989 1531 1136 1607 poterant

79 1651 143 1715 tere
166 1636 215 1721 (p.
238 1636 348 1721 t20·);
369 1642 471 1699 tamon
492 1636 694 1712 posteriorem
714 1638 806 1695 ettam
827 1637 977 1713 synodum
999 1640 1038 1699 ad
1053 1634 1136 1700 tion-

80 1716 264 1828 ffitiaopolin
295 1751 487 1827 potissimum
516 1749 677 1824 spectaro,
708 1736 791 1806 haud
819 1739 1019 1827 ignoraruot3
1041 1750 1137 1828 atqui-

81 1873 111 1921 ιιι
140 1851 244 1921 uerbis
275 1852 396 1920 disertis
418 1852 478 1919 hoe
499 1854 547 1937 (ps
570 1854 661 1933 mr.)
682 1849 914 1936 significarunt,
943 1860 996 1919 obi
1017 1863 1137 1921 utrum-

80 1987 103 2035 ιο
131 1972 216 2033 hune
249 1970 433 2031 conventum
463 1971 496 2030 et
518 1959 710 2029 Constantina
739 1976 884 2047 magnum
912 1970 945 2030 et
966 1966 1138 2033 dasionseau

80 2088 194 2144 inorem
217 2080 408 2141 discernunt.
451 2070 515 2140 Sed
540 2072 657 2139 tactum
681 2082 730 2139 sat
750 2078 812 2139 sire
835 2074 955 2140 incuria
982 2080 1139 2148 hominum

80 2210 106 2257 re
130 2214 170 2255 ns
201 2211 273 2254 eum
303 2194 407 2269 priore
437 2185 515 2251 haee
537 2190 637 2250 altero
657 2178 793 2265 synodus
823 2176 1081 2269 contunderetur,
1104 2199 1141 2254 ut

80 2306 213 2379 aiensis,
245 2314 325 2381 quoe
347 2294 552 2381 appendicula
572 2299 651 2375 run,
673 2306 915 2377 nuncuparetur,
937 2314 1016 2380 quaa
1038 2306 1142 2367 attero

80 2414 388 2493 tantautiuopotitana
409 2414 492 2473 esset
513 2408 653 2471 dicenda·

130 2630 221 2697 idaeo
242 2632 338 2714 igitur
355 2622 492 2709 synodus
509 2632 630 2691 sautius
646 2630 694 2691 vet
713 2622 814 2693 tenins
833 2634 1049 2709 repraestitit.
1081 2624 1145 2695 tto·

80 2739 207 2810 flenim
229 2738 377 2819 Cyrittum
400 2742 593 2804 anathemate
614 2742 804 2819 percelleret
826 2743 901 2801 satis
923 2744 1026 2820 potius
1047 2744 1145 2805 visum

80 2859 107 2933 tt,
126 2853 333 2917 consessionis
356 2853 495 2935 singulos
516 2852 674 2926 articulos,
690 2855 817 2931 excepto
836 2845 967 2929 septimo
983 2852 1032 2933 (p.
1047 2852 1146 2935 dod),

80 2968 301 3044 :quaestiones
324 2965 483 3038 devovere,
506 2965 593 3039 quasi
616 2977 693 3037 eam,
715 2957 899 3024 Getrinitnis
921 2963 1076 3026 erroribus
1097 2976 1148 3029 're-

80 3078 166 3137 tetam
197 3076 334 3153 spurium
365 3074 524 3148 habuerit,
547 3074 691 3151 quoniam
714 3068 896 3135 Patriamtm
917 3073 970 3136 itte
992 3093 1148 3155 nunquam

80 3188 93 3247 o
120 3188 273 3249 eeclesiae
304 3185 363 3245 tide
385 3178 560 3245 recesserit·
603 3180 753 3245 Poterant
773 3195 846 3245 sero
871 3187 904 3246 et
927 3188 1091 3265 septimum
1112 3188 1149 3249 n-

79 3314 117 3357 rm
137 3292 303 3359 articulum
327 3296 483 3367 damnare,
506 3306 688 3371 quemquam
706 3291 745 3356 de
761 3292 894 3371 Christo,
916 3300 1051 3359 omnium
1073 3298 1151 3359 tide-

84 3427 129 3469 um
147 3411 316 3480 servatore,
335 3410 486 3487 agentern.
531 3402 590 3483 Qui
607 3407 686 3465 enim
705 3407 1014 3483 praedestinationem
1033 3410 1150 3480 tenent,

80 3516 149 3579 etuti
171 3518 365 3579 Christianae
387 3515 570 3593 reprobatos
592 3518 735 3577 eximunt.

144 3736 293 3815 Sequitur
323 3739 417 3814 eaput
442 3736 510 3810 VI„
541 3728 634 3815 idque
657 3738 877 3820 gravissimum,
902 3758 995 3815 quum
1018 3736 1057 3798 ad
1079 3740 1153 3799 arti-

82 3846 149 3905 utos
165 3853 196 3908 et
216 3850 413 3925 quaestiones
434 3848 540 3921 Cyritti
553 3850 675 3926 penitus
690 3840 934 3929 exstinguendus,
954 3868 1062 3910 norom
1078 3867 1155 3913 ooa-

80 3958 224 4019 ersionem
255 3958 395 4019 Dosithei
425 3960 584 4037 expromat
612 3957 718 4019 itidem
747 3958 889 4037 capitulis
914 3962 945 4019 et
967 3964 1156 4039 quaestioni·

80 4081 120 4127 ms
141 4071 426 4147 constantemque
447 4068 516 4149 ejus
537 4074 646 4131 auctor
661 4070 808 4145 Cyrittum
830 4062 873 4131 ita
893 4076 1076 4149 persecutus
1098 4078 1157 4149 est,

80 4178 98 4235 tt
123 4180 233 4239 iisdem
263 4181 363 4239 serbis
386 4180 669 4258 sententiarumque
698 4179 806 4238 ordine
829 4184 979 4243 uteretur.
1022 4186 1069 4246 Ae
1092 4190 1156 4267 pri·

808 4290 845 4347 μ
