2596 4710
157 288 220 335 xrv
546 265 870 359 Prolegomene.

158 456 260 513 natus.
304 452 399 512 Totus
423 453 502 509 onim
523 456 676 513 terrarum
699 451 782 511 orbis
810 450 980 513 divinam
1007 448 1112 531 legun
1132 449 1250 523 obiitus

159 566 282 641 praeter
303 561 439 621 Judaeos
460 560 625 621 multorum
648 562 793 634 deorum,
821 561 873 636 qui
903 578 965 620 non
985 561 1050 621 veri
1070 563 1177 621 meent
1200 561 1251 620 Dii

159 684 236 757 (tuot
252 680 290 754 μή
309 676 389 744 ὄντες
406 691 438 748 ρ.
455 668 522 752 15),
544 673 639 733 cultui
662 672 801 731 addictus
823 672 890 731 suit
936 669 1039 730 Voluit
1060 670 1153 751 igitur
1165 672 1252 730 lteus

160 789 317 849 ἀνάπλασιν
334 794 391 847 vair
408 788 571 860 ἀνθρώπων
593 783 659 842 fieri
682 801 737 859 per
759 782 892 842 Verbum
914 786 946 842 et
967 782 1134 859 Spiritum,
1157 784 1190 840 et
1213 783 1252 839 ob

158 895 239 956 hano
261 894 451 969 potissimum
474 913 583 951 novom
613 897 802 953 creationem
821 924 866 935 —
887 909 967 967 quoe
987 910 1095 953 rursus
1119 911 1153 951 ex
1177 892 1252 951 Pla-

159 1006 332 1064 tonicorum
354 1005 507 1061 sententia
529 1003 609 1063 dicto
631 1007 679 1062 est
699 1035 740 1045 -
757 1002 898 1063 divinitas
928 1004 1066 1078 suscepit
1086 1003 1252 1061 hunnorum

161 1120 312 1175 naturam.
356 1114 408 1172 Sic
432 1114 553 1189 quidem
575 1115 695 1191 paravit
726 1113 801 1171 dous
834 1114 874 1174 ob
896 1112 993 1173 solem
1024 1131 1110 1172 suam
1132 1115 1252 1172 miseri-

161 1224 295 1285 cordiam
326 1229 504 1285 convertero
533 1226 671 1284 homines
703 1227 735 1283 et
755 1224 885 1285 liberere
907 1230 965 1289 ἀπό
990 1236 1039 1303 τῆς
1062 1230 1172 1300 πλάνης
1196 1233 1253 1285 τῶν

110 1326 311 1414 ιιοΝςοιιμόνων.
349 1338 446 1411 Quam
476 1339 570 1395 totam
602 1336 774 1411 opinionem
806 1356 841 1393 ex
863 1334 1094 1394 Platonicorum
1128 1333 1251 1416 scriptis

100 1470 104 1477 ·
160 1450 317 1505 mutuatus
350 1450 407 1505 est.
452 1447 492 1505 Hi
523 1447 603 1505 euim
640 1445 714 1504 deos
748 1444 915 1505 alienorum
946 1446 1083 1525 gentium
1110 1444 1252 1503 Deorum

160 1559 282 1616 nomine
303 1556 443 1634 indignos
465 1556 650 1631 habuerunt,
671 1554 726 1615 sed
748 1555 912 1617 doemones
934 1556 1095 1626 vocabant,
1119 1572 1251 1629 quorum

159 1665 269 1726 fraude
290 1666 405 1726 iactum
428 1668 477 1740 sit,
509 1669 545 1725 ut
566 1684 646 1726 unus
669 1666 745 1725 deuo
767 1667 973 1746 negligeretur
994 1667 1087 1741 inque
1111 1682 1182 1724 eum
1205 1662 1252 1723 oi-

159 1775 231 1837 fioia
249 1777 455 1850 violarentur,
484 1780 519 1835 ut
542 1775 668 1835 deorum
698 1779 820 1837 nomino
842 1778 963 1836 iuventa
986 1780 1091 1836 esseut
1112 1774 1252 1834 tabulae-

161 1906 231 1965 que,
253 1905 382 1963 quorum
405 1887 553 1945 suavitate
578 1888 674 1945 omnis
696 1888 810 1948 veritas
832 1886 954 1947 sublata
977 1889 1076 1960 esset,
1099 1887 1274 1965 excogito·-

144 1984 210 2057 ’δε
230 1999 322 2070 atque
344 1998 375 2053 in
397 1996 507 2074 vulgus
526 1994 690 2072 dissipatae
701 1993 745 2077 1).
789 1998 878 2072 Quod
898 1999 1066 2057 animorum
1081 2000 1153 2073 post
1171 2014 1252 2055 mor·

160 2111 222 2168 tem
244 2110 358 2165 statum
383 2108 502 2180 attinet,
527 2125 562 2165 ex
583 2108 704 2183 priscae
726 2106 875 2168 ecclesiae
890 2106 1112 2167 cousuetudine
1130 2106 1252 2167 illarum

160 2216 417 2278 immortalitatem
440 2236 509 2276 cum
532 2237 696 2293 corporum
717 2220 951 2279 resuscitatione
966 2221 1052 2277 arcte
1067 2217 1251 2294 composuit,

161 2346 293 2404 corpore
314 2331 489 2386 sanctorum
519 2329 687 2389 secuudum
716 2329 893 2389 Platonicae
922 2327 1070 2387 formulas
1099 2333 1250 2409 ἄφθαρτα,

160 2444 303 2519 φωτεινὰ,
319 2444 429 2517 ἐλαφρὰ
449 2438 554 2498 sutura
575 2458 643 2499 esse
674 2443 759 2498 ratus
793 2459 822 2515 p.
844 2435 896 2501 2⁰.
941 2436 1019 2513 Quid
1049 2440 1169 2498 interim
1199 2457 1250 2497 us·

160 2567 221 2625 quo
243 2546 282 2606 ad
304 2546 386 2605 illam
408 2566 571 2623 corporum
594 2552 816 2610 restitutionem
840 2552 933 2628 agent
961 2568 998 2608 ao
1025 2551 1162 2609 sentient
1185 2550 1250 2608 ani-

159 2677 245 2732 mae,
268 2676 329 2716 non
354 2659 427 2717 satis
458 2658 553 2734 liquet
574 2679 609 2719 ex
640 2664 699 2719 art.
724 2661 772 2719 1⁶2.
815 2660 850 2719 Ni
883 2679 956 2719 roro
987 2661 1109 2738 egregie
1148 2660 1249 2735 fallor,

159 2770 337 2846 praeparari
359 2788 411 2827 eas
435 2771 552 2844 putarit
580 2770 618 2829 ad
640 2768 763 2846 plenum
785 2771 980 2830 beatitudinis
1009 2772 1249 2846 perceptionem.

158 2878 240 2939 Dixit
264 2880 355 2952 enim,
378 2879 455 2937 tales
479 2881 594 2938 animas
614 2894 789 2947 τελειοῦσθαι
805 2892 846 2954 εἰς
862 2888 914 2960 τήν
930 2892 1050 2960 γνῶσιν,
1069 2899 1130 2956 que
1152 2900 1250 2956 usque

160 2988 198 3049 ad
220 3008 352 3065 corpora
373 2989 493 3049 reddita
516 2991 664 3050 adauctae
685 2990 832 3049 ridebunt
854 2990 1041 3062 deterrens,
1065 3009 1143 3066 quae
1168 3008 1249 3051 nuno

160 3099 282 3173 quidem
299 3099 364 3175 jam
386 3104 587 3179 cognoscunt,
610 3100 664 3159 sed
685 3102 804 3159 tontum
825 3120 883 3176 per
899 3099 998 3160 siden.
1044 3101 1172 3160 Roteliit
1194 3103 1249 3181 igi-

158 3211 211 3269 tur
235 3209 356 3269 illorum
380 3213 582 3284 sententiam,
613 3211 664 3286 qui
689 3211 857 3269 animarum
885 3213 933 3271 vol
959 3213 1116 3290 justorum
1143 3212 1249 3271 eondi-

157 3320 275 3380 tionem
297 3338 364 3379 osse
386 3322 417 3379 in
443 3340 569 3395 sensus,
591 3323 699 3380 virium
722 3324 753 3380 et
776 3322 982 3381 eonscientiae
1015 3324 1153 3381 carentia
1183 3323 1249 3398 opi-

158 3435 325 3503 narentur3
361 3432 529 3490 rectissime
561 3434 592 3491 et
621 3449 690 3489 cum
726 3436 864 3491 veterum
896 3434 1018 3509 optimis
1051 3437 1082 3492 et
1113 3435 1248 3512 sagacis-

158 3544 241 3601 simis
264 3535 384 3619 viris2)
421 3541 485 3617 jam
516 3542 569 3601 iilo
599 3545 757 3618 tompore,
788 3542 868 3602 inter
889 3548 1017 3603 mortem
1052 3547 1084 3602 et
1115 3545 1250 3602 resusci-

158 3654 305 3712 tationem
327 3653 440 3733 posito,
466 3670 533 3710 esse
563 3656 818 3714 remunerationis
849 3656 967 3715 initium
996 3657 1135 3713 statuens
1149 3655 1189 3730 3).
1208 3684 1247 3697 -

157 3759 280 3821 Addere
304 3761 436 3837 deniquo
459 3780 558 3838 pauco
579 3761 664 3823 lubet
687 3765 724 3825 de
748 3768 936 3844 argumentis
959 3767 1083 3843 prorui
1107 3766 1250 3825 christia·

155 3899 387 3914 ——n

228 3986 255 4053 1)
281 3984 626 4060 &umquam-Cramer
654 3989 746 4044 Theoi.
782 3990 842 4045 bibl.
874 4007 901 4060 p.
920 3993 963 4047 35.
998 3989 1065 4045 Hist
1095 3990 1195 4064 Dogm.
1216 3990 1248 4046 ΙΙ.

156 4092 183 4147 p.
200 4078 259 4129 982.
287 4089 314 4124 n.
334 4078 358 4129 2.
444 4076 475 4145 2)
500 4073 597 4129 Jrretin.
616 4075 677 4130 diat.
701 4094 724 4129 e.
744 4075 844 4147 Tryph.
862 4080 904 4132 80.
988 4076 1018 4141 8)
1044 4074 1165 4132 Erinden
1190 4078 1249 4133 iere

114 4222 120 4233 ⁸
154 4159 312 4300 finientium
331 4157 447 4296 ¹itygiurus
470 4160 555 4214 multis
579 4162 739 4231 argumeutle
761 4162 903 4217 stabilitum
929 4161 956 4214 iu
981 4160 1049 4214 libro
1074 4178 1125 4233 pro
1145 4162 1246 4219 Cuncti.

104 4250 133 4287 ι’
188 4253 273 4299 orent.
293 4260 315 4297 e.
371 4283 378 4297 .
