2596 4710
136 372 141 383 ,
167 320 269 370 xxxn
551 296 871 392 Protogenen·

138 548 141 553 ,
166 485 246 544 ritnr
266 485 298 542 in
320 483 417 559 prima
440 480 478 541 de
508 480 719 560 philosophiae
740 484 948 557 incremento,
970 500 1061 562 quam
1082 483 1256 545 versatilem

166 594 301 676 gladium
323 611 391 653 ease
414 592 497 667 dicit,
518 593 597 653 viam
619 610 682 652 non
710 592 932 654 custodientem
954 594 1011 655 sed
1040 593 1256 671 impedientem

164 705 311 784 peradisi,
332 722 411 782 qnae
433 721 551 763 summa
571 700 684 781 injuria
705 702 775 763 fidei
791 705 976 766 christianae
992 705 1144 766 habeatur
1166 722 1257 786 regn·

164 815 249 892 la¹).
295 813 439 875 Geichrat
461 832 535 875 suae
557 813 706 874 eeclesiae
724 813 796 874 fidei
811 813 1026 874 inconcussum
1043 816 1255 893 consuntiam,

167 944 258 1003 quam
278 924 345 985 vuit
367 926 456 984 etiam
472 923 784 984 aBemonstrantium
804 923 936 984 ecclesia
952 926 1068 1001 teueri3
1091 943 1154 985 non
1177 924 1255 987 eni·

165 1036 375 1113 objicerentur
396 1036 442 1108 ei,
464 1035 579 1111 inquit,
601 1052 681 1111 qnae
702 1035 817 1111 possim
841 1031 934 1112 hujus
953 1037 1101 1114 temporis
1123 1037 1254 1114 scripto-

166 1164 218 1208 res
240 1145 401 1223 objiciunt.
419 1176 462 1188 --
526 1144 597 1205 dior
618 1145 670 1205 iiie
691 1144 973 1205 Remonetrantium
997 1145 1106 1206 doctor
1126 1164 1254 1223 respon-

163 1274 232 1318 sum
253 1255 374 1315 videtur
396 1254 536 1330 dedisse3
558 1259 658 1315 exstat
677 1256 755 1314 enim
779 1255 877 1315 altera
899 1255 939 1316 ad
954 1274 1023 1317 eum
1041 1256 1174 1335 epistola
1196 1257 1253 1333 Cy-

162 1367 224 1429 nili
245 1384 337 1441 anuo,
359 1369 396 1426 ut
417 1366 485 1440 dixi,
504 1363 597 1426 1613.
612 1367 788 1442 conscripta
800 1362 844 1445 ²),
865 1365 897 1424 in
913 1383 976 1442 qua
996 1366 1035 1427 de
1054 1369 1138 1428 atain
1157 1366 1253 1429 Gree-

162 1496 268 1539 carnm
290 1476 489 1537 eeclesiarum
519 1480 666 1538 accurate
688 1477 831 1552 exponit,
853 1480 1042 1553 conquestus
1063 1478 1102 1539 de
1124 1476 1253 1538 Pontid-

162 1590 279 1650 eiorum
301 1587 418 1648 crudeli
436 1589 624 1667 arrogantia,
646 1589 699 1664 qui
719 1587 848 1647 flammis
871 1588 902 1647 ei
922 1586 1002 1647 toci·
1022 1589 1189 1669 insurgunt
1208 1589 1253 1664 iia,

164 1699 216 1776 qui
237 1697 286 1759 vei
314 1696 480 1757 christiane
510 1696 752 1771 admonuerunt,
785 1697 834 1757 vei
865 1696 955 1756 modo
984 1697 1088 1775 aliquo
1119 1702 1254 1759 errorem'

166 1826 274 1872 eornm
295 1808 397 1886 pain
416 1809 520 1868 iacere
542 1810 779 1885 proposuerunt.
822 1808 967 1882 Fatetur,
998 1826 1033 1869 aa
1064 1811 1195 1887 propius
1216 1808 1253 1869 ad

162 1919 313 1981 ecciesiae
334 1917 520 1976 Batavorum
541 1916 656 1994 piacita
678 1917 837 1990 accedere,
854 1918 936 1994 quia,
954 1918 1064 1994 induit,
1079 1917 1253 1978 Christiano

161 2030 268 2109 agitis,
301 2044 409 2104 pacem
431 2026 627 2087 christianam
648 2027 790 2107 diligitis,
821 2029 965 2088 unionem
987 2029 1019 2088 in
1042 2029 1178 2087 ¹veritate
1200 2026 1255 2087 dod

159 2138 234 2200 mini
255 2154 317 2196 non
341 2136 468 2195 emutio.
485 2162 528 2179 -
566 2135 614 2197 lie
637 2136 698 2197 fide
720 2142 822 2198 antem
844 2138 1017 2198 Christiana
1038 2137 1178 2215 disputat
1198 2154 1252 2216 pro

159 2266 245 2310 more
268 2247 473 2324 antiquiorum
494 2250 686 2324 temporum3
707 2266 776 2308 esse
798 2266 865 2309 eam
885 2250 937 2309 oei
958 2251 998 2309 dc
1019 2251 1185 2311 &mactate
1203 2249 1252 2309 oet

159 2359 199 2419 da
220 2359 434 2419 incarnatione
453 2358 554 2418 ocrha'a
592 2356 640 2419 ne
661 2359 759 2436 primo
782 2361 884 2435 capite
910 2335 1024 2419 unitam
1038 2378 1118 2421 ease
1134 2359 1249 2420 dissen-

160 2469 297 2543 sionem,
327 2486 384 2527 uec
407 2468 446 2528 de
475 2486 677 2544 personarum
709 2468 922 2545 distinctione,
955 2474 1081 2548 excepto
1104 2471 1157 2530 iiio
1179 2486 1248 2546 uuo,

160 2576 243 2658 quod
264 2577 305 2639 ait
325 2576 364 2638 da
386 2578 519 2656 Spiritus
543 2580 642 2638 sancti
665 2581 873 2657 processione.
916 2580 1086 2640 Romanam
1104 2583 1249 2641 enim'eo-

159 2690 296 2764 oesiam,
319 2689 546 2748 innovationum
562 2691 747 2763 amatricem,
763 2690 846 2751 iilam
868 2691 908 2752 nd
926 2690 1097 2766 symhoium
1120 2691 1248 2751 additio·

83 2866 87 2875 ,
159 2818 229 2860 nem
250 2801 485 2880 excogitatione,
512 2817 706 2876 aequavero
729 2820 762 2861 se
791 2818 938 2878 suamque
960 2801 1122 2862 ecclesiam
1144 2801 1246 2880 Papae

157 2911 230 2990 pius
251 2929 342 2990 quam
363 2911 475 2970 ceteris
495 2909 683 2970 Patriarohis
705 2910 815 2972 cedere
838 2913 1040 2988 auctoritatis,
1056 2912 1245 2989 quantumuis

158 3022 297 3096 Jcsnitia,
318 3041 353 3081 ex
375 3021 486 3099 quibos
508 3022 634 3081 maxime
655 3021 833 3081 Sonderom
858 3025 968 3100 carpit,
995 3022 1243 3083 occlamantibus·

159 3133 359 3193 Sacramenta
381 3133 521 3212 agnoscit
543 3132 626 3205 duo3
646 3132 677 3190 iu
699 3130 849 3209 baptismo
869 3135 1073 3193 necessariam
1096 3151 1166 3195 eoae
1186 3134 1246 3193 ior*

156 3260 237 3303 mam
259 3259 320 3302 non
348 3242 482 3301 inflatam
506 3240 561 3301 sed
590 3241 733 3301 humilem
755 3245 787 3301 at
809 3241 998 3322 simplicem
1027 3242 1122 3323 hujus
1143 3248 1244 3306 coerce

156 3354 272 3415 menies
296 3370 393 3432 aeque
413 3350 546 3412 fideliter
565 3351 714 3412 tenendas
737 3372 805 3412 esse
828 3355 920 3431 atque
943 3355 1158 3418 eucharistiae.
1186 3355 1243 3416 Eo-

154 3466 267 3554 etesiae
288 3465 423 3544 regimen
445 3482 507 3523 non
529 3480 597 3523 esso
619 3463 857 3538 monarchicnm,
884 3463 939 3525 sed
961 3466 1085 3527 mixtum
1108 3485 1147 3527 oc
1170 3471 1243 3528 iem-

153 3582 312 3653 peratnm,
337 3573 420 3651 quod
440 3576 546 3651 ntique
569 3575 631 3633 suis
654 3576 844 3654 temporibus
865 3575 1020 3636 hominum
1041 3580 1243 3656 perversitate

155 3704 246 3764 saepo
274 3685 435 3746 confusum
465 3704 532 3745 esse
560 3683 679 3744 viderit.
721 3682 791 3744 ii'ou
820 3703 894 3745 vero
924 3687 1052 3747 mulium
1084 3689 1245 3762 interesse,

154 3798 180 3856 ai
202 3796 338 3858 Graecae
361 3796 510 3857 ecciesiae
539 3795 679 3856 addictae
701 3796 840 3855 nationes
864 3800 984 3858 exterae
1007 3817 1079 3858 suas
1102 3814 1242 3877 quaeque

152 3907 352 3967 caerimonias
367 3911 502 3968 teneant.
544 3904 741 3965 Patriarchoa
758 3922 826 3965 esse
843 3911 999 3983 quattuor,
1022 3908 1095 3968 oiim
1111 3910 1244 3970 Alexan-

151 4017 272 4076 drinum
302 4016 485 4092 Primatem,
520 4017 571 4092 qui
603 4032 676 4073 vcro
699 4015 891 4076 Constantini
923 4021 1116 4095 imperatoris
1150 4038 1244 4100 opera

147 4179 378 4197 ῥ-

210 4256 241 4322 1)
258 4251 366 4308 iaettreo
385 4251 530 4306 anecdotos
553 4269 572 4323 p
598 4256 658 4309 127.
728 4251 760 4320 i)
780 4249 890 4341 ¹⁵⁵⁶&st
912 4258 970 4312 180.
