2596 4710
478 82 798 176 Prologumena.
1108 113 1197 161 xnus

97 270 196 329 Sexto
221 269 320 347 igitur
343 268 482 329 ianuarii
512 267 560 328 die
586 265 677 328 1628.
701 273 824 329 centum
854 272 1197 350 quinquaginta.danis—

101 379 176 439 sarii
195 379 338 441 lletaxaa
359 379 545 439 domicilium
575 381 869 447 circumcinxerunt3
902 381 950 439 six
979 382 1044 459 ipse
1065 386 1196 463 lietera,

101 507 197 566 quum
217 509 286 551 rem
306 470 432 552 rediens
453 489 577 550 domum
599 490 776 564 audivisset,
797 492 829 551 in
844 490 967 570 Anglici
989 493 1082 573 legati
1104 499 1196 561 aedes

99 618 134 658 se
155 603 279 678 recepit
298 601 483 680 incolumis,
505 600 617 662 milites
639 600 719 676 irati,
745 598 832 679 quod
851 603 1009 677 evasisset,
1030 609 1128 666 totam
1148 613 1197 684 ty-

99 711 306 789 pographiam
337 711 624 790 pessumdederunt.
666 712 825 773 Postridie
853 716 932 773 too
968 713 1006 775 de
1042 718 1197 797 triumpho

101 818 277 880 deuectum
299 826 357 881 est.
401 823 544 883 Summus
567 824 647 883 enim
669 824 840 884 Tuccarum
863 823 1007 884 sacerdos
1023 824 1073 906 ¹),
1094 828 1197 890 desei-

101 930 142 988 tis
163 930 264 990 multo
286 932 458 1010 liberalior,
490 933 528 994 de
555 935 641 1015 libris¹
664 936 844 1012 quaestione
867 935 986 1007 habita,
1016 935 1097 997 hanc
1127 942 1199 1000 tulit

102 1043 308 1102 sententiam:
336 1043 480 1125 dogmata
508 1049 617 1107 contra
638 1045 861 1106 Muhammedis
883 1045 1023 1105 instituta
1044 1067 1107 1107 non
1130 1070 1199 1113 esse

103 1153 254 1213 continuo
284 1154 480 1233 blasphemiis
510 1161 564 1218 aut
591 1157 768 1217 criminibus
791 1155 1037 1231 adnumeranda,
1069 1164 1101 1219 et
1122 1180 1199 1238 quo-

105 1262 185 1322 niam
208 1265 400 1341 permisisset
429 1266 613 1345 imperator,
645 1270 683 1328 ut
711 1264 875 1327 Christiani
903 1265 1000 1326 libere
1029 1267 1200 1334 doctrinam

108 1392 191 1433 suam
214 1374 438 1453 profiterentur
460 1381 491 1438 ct
512 1381 724 1453 sectarentur3
745 1377 830 1455 ipsos
852 1396 914 1437 non
932 1379 1029 1457 magis
1046 1398 1117 1440 reos
1133 1403 1201 1444 esse
1235 1392 1245 1407 ’

110 1485 186 1560 typis
208 1484 402 1562 mandando,
425 1488 499 1567 quid
520 1488 693 1562 crederent,
717 1506 809 1564 quarn
830 1506 887 1565 pro
909 1489 1057 1549 concione
1078 1493 1200 1568 praedi·
1257 1526 1260 1531 ·

114 1596 227 1676 caudo;
247 1616 349 1675 nequa
371 1600 410 1658 ob
429 1598 634 1660 fflversitatem
657 1598 846 1676 opinionum,
862 1596 918 1658 sed
939 1602 1068 1675 propter
1089 1599 1202 1662 delicta

114 1704 227 1786 legibus
249 1711 421 1787 poenisque
449 1712 594 1771 obnoxios
624 1728 703 1771 esse.
745 1708 848 1787 Ipsius
869 1726 942 1769 sero
962 1709 1086 1790 Anglici
1109 1710 1201 1795 legati

118 1816 330 1880 intercessione
361 1825 392 1881 et
413 1822 547 1899 querelis
576 1820 718 1882 ellectum
741 1821 806 1896 est,
836 1823 873 1880 ut
893 1820 1076 1882 Patriurcha
1096 1823 1128 1881 in
1150 1824 1202 1883 Vi-

120 1929 193 1989 rlerii
221 1936 255 1993 et
274 1930 367 1992 Multi
388 1932 517 2013 gratim
545 1931 669 1993 rediret
714 1931 817 2007 Rossi,
840 1931 871 1990 in
894 1906 1055 2006 (lucillum¹
1071 1933 1202 2009 invecto,

78 2098 80 2129 ÷
123 2040 193 2114 quod
211 2041 352 2103 dietum
382 2044 464 2102 esset
492 2045 642 2121 patronus
669 2041 881 2118 librorumque
901 2041 1126 2102 haereticorum
1149 2064 1203 2106 au-

78 2134 83 2205 l
125 2154 189 2226 clar,
210 2155 282 2213 acta
298 2153 482 2227 consistorii,
499 2155 600 2214 Roma
616 2152 728 2228 delata,
749 2153 781 2211 in
798 2151 909 2228 quibus
922 2156 1047 2228 practer
1062 2153 1206 2234 dog‘magh
1291 2228 1294 2233 ι

80 2248 86 2371 ’ἱ
126 2260 189 2322 illud
216 2263 316 2341 primo
348 2262 419 2323 loco
441 2262 556 2341 Cyrillo
589 2263 709 2324 crimini
737 2255 843 2322 datum
864 2265 930 2339 est,
961 2263 1045 2339 quod
1068 2265 1204 2342 inquieto

128 2376 150 2429 et
167 2372 312 2435 seditioso
334 2378 417 2436 esset
438 2377 556 2451 animo,
587 2375 675 2453 quasi
708 2371 818 2434 auxilio
841 2371 933 2431 missa
954 2376 1036 2432 sunt.
1082 2376 1205 2437 Arctius

78 2540 80 2551 ,
127 2452 176 2555 jam
197 2490 347 2562 utraeque
369 2490 473 2564 partes
497 2489 599 2561 coire,
631 2484 814 2545 confirmare
836 2483 933 2556 uires,
964 2487 1101 2561 tentare,
1133 2488 1207 2566 quid

78 2606 90 2663 1².
130 2595 242 2666 possint
287 2596 397 2656 Subito
419 2596 525 2674 plures
548 2617 584 2659 ex
605 2595 747 2655 Romana
768 2594 902 2654 sectione
925 2597 1078 2675 correpti,
1101 2617 1206 2659 eorum

78 2740 81 2767 l
131 2699 194 2779 liri,
210 2705 343 2784 jubente
358 2707 495 2785 Viaierio,
519 2707 673 2786 apportati
694 2708 727 2765 et
747 2720 880 2764 censura
900 2707 932 2765 in
948 2726 1001 2766 eos
1016 2706 1109 2781 facts,
1132 2707 1208 2769 Gal-

78 2852 89 2889 .,
132 2809 193 2874 licus
214 2816 338 2898 legatus
367 2818 483 2879 trustra
511 2819 550 2879 ab
578 2819 763 2895 imperatore
794 2814 961 2892 alloquium
988 2818 1087 2896 petiit.
1131 2819 1209 2881 Post

78 2918 91 3011 l
134 2924 227 2986 nullas
249 2924 488 2990 deliberationes
508 2928 627 3007 placuit
648 2930 820 2989 Turcarum
843 2928 1081 3008 magistratibus,
1107 2930 1210 2992 Jesui·

135 3034 170 3094 lu
188 3037 293 3098 exsilio
316 3057 384 3099 esse
407 3039 605 3114 alliciendos,
633 3040 719 3099 libris
749 3038 885 3098 redditis.
928 3038 969 3098 Et
993 3038 1060 3117 jam
1083 3043 1210 3102 nauibus

78 3138 89 3201 .'
136 3142 303 3211 uimulam
325 3151 433 3210 Chium
456 3151 609 3229 deportati
630 3155 719 3226 sunt,
751 3153 787 3209 ut
815 3168 905 3225 quarn
930 3151 1061 3226 primum
1084 3154 1116 3211 in
1138 3172 1210 3231 pro-

78 3286 91 3335 ,ς
137 3256 234 3321 vinctu
255 3261 464 3323 occidentales
484 3262 710 3340 trajicerentur.
754 3260 801 3320 Ac
823 3260 907 3319 brevi
929 3265 1002 3337 post
1025 3264 1090 3323 sine
1119 3262 1212 3321 ullius

78 3420 83 3433 .
139 3362 251 3433 lomim
272 3372 361 3433 luctu
389 3375 421 3432 in
441 3373 563 3435 Italiam
588 3373 706 3433 remissi
727 3375 809 3434 sunt.
854 3372 1000 3431 Testatur
1021 3373 1213 3447 Chrysoscu-

142 3473 178 3537 ¹¹⁸
189 3483 235 3559 ¹),
256 3484 426 3545 catholicos
450 3488 596 3558 cunctos,
622 3503 698 3562 prae
720 3483 861 3542 omnibus
883 3483 1043 3562 religiosos
1066 3485 1097 3542 et
1117 3483 1213 3544 Fran-

78 3625 84 3659 ;
145 3588 261 3654 munos
283 3594 596 3670 Hierosolymitanos,
627 3597 741 3672 quippe
764 3594 875 3669 quihus
902 3592 1078 3669 sepulcrum
1101 3594 1213 3655 Christi

147 3696 406 3783 anteceptam
428 3707 546 3778 luisset,
571 3707 628 3765 hac
650 3710 738 3784 peste
760 3703 877 3762 levatos
901 3709 932 3762 et
955 3704 1074 3762 factiosi
1092 3706 1216 3766 Ordinis

148 3805 284 3876 formidine
306 3816 471 3890 liberatos,
503 3816 629 3878 mirifice
660 3815 865 3876 exsultarisse.
911 3814 1042 3892 Legatus
1065 3816 1216 3892 Gallicus,

151 3958 335 3983 §un-—

78 4024 85 4051 ³
204 4056 227 4118 1)
250 4052 359 4111 lettres
383 4056 656 4130 sardacenses.
718 4060 747 4124 2)
768 4054 877 4111 meres
904 4072 929 4126 p.
949 4059 1007 4114 231.
