2596 4710
479 258 807 352 Prologomona.
1073 288 1198 337 xxxvn

91 444 213 505 noun·
237 441 411 503 collaudat.
453 438 490 503 in
511 444 560 505 bls
583 444 763 505 llellarmlnl
785 443 956 507 doctrinam
983 447 1105 526 judicat
1127 471 1195 513 osae

91 556 197 617 islam
221 558 257 614 et
286 554 477 614 haereticam
497 557 530 615 ln
561 556 666 618 multia
695 556 791 632 locis,
822 555 891 634 ojus
922 556 1020 619 libros
1052 562 1193 623 suissed

89 668 208 748 graecis
230 664 486 727 adnotationibus
503 670 612 727 anctos
627 669 798 728 remittens.
844 671 925 731 Fero
945 670 976 730 la
1000 672 1104 747 quavis
1127 674 1192 752 epi-

89 778 167 839 stola
189 782 249 838 ant
270 776 369 837 libros
401 779 546 854 poposcit
567 782 622 838 ant
641 778 733 839 simul
752 778 888 856 remisit,
906 774 977 840 'imo
1002 780 1134 842 Derides
1157 802 1193 842 ax

89 890 198 951 itincre
220 888 322 949 libros
345 886 385 947 ad
407 889 508 965 ipsum
529 890 613 950 misit
633 888 680 968 (p.
706 888 793 965 102).
835 862 945 952 fintat
966 893 1056 953 aliam
1075 893 1190 971 opleto·

90 1000 248 1063 lsluctus
279 998 392 1076 plana,
421 998 518 1076 pestis
546 1002 688 1078 tompore
719 996 811 1060 1619.
835 998 866 1061 d.
893 1000 933 1063 13
953 1000 1028 1081 Mai.
1050 1022 1086 1063 ox
1113 1004 1190 1064 urbe

90 1112 177 1173 Gairo
191 1110 226 1186 ¹)
253 1110 381 1187 scripta,
404 1108 607 1190 quadraginta
626 1109 748 1171 milibus
770 1111 927 1174 bominum
949 1115 1106 1189 emortuis,
1128 1132 1190 1191 qua

90 1222 218 1297 llaaidi,
244 1220 336 1299 cnjus
360 1239 396 1280 ex
416 1219 545 1281 Batavis
565 1221 671 1281 literas
699 1225 866 1299 exspectat,
888 1228 961 1286 anto
981 1226 1095 1286 iactans
1116 1243 1190 1303 pro-

90 1334 258 1395 tectionem
278 1331 473 1413 gratulatur,
507 1349 602 1408 sequa
625 1332 701 1392 dicit
728 1334 945 1396 semiclausum
967 1336 1049 1397 domi
1078 1353 1189 1417 magno

90 1464 155 1509 cum
171 1444 354 1505 discrimine
371 1443 409 1503 ab
426 1443 489 1504 alto
505 1460 628 1521 semper
644 1443 767 1505 dedisse
779 1444 960 1506 Christiania
975 1448 1039 1507 suia
1059 1463 1189 1525 respon-

93 1576 130 1631 sa,
141 1575 226 1634 quae
251 1554 326 1614 dare
342 1558 471 1632 propter
488 1553 653 1615 defunctos
670 1558 703 1615 at
718 1555 1096 1637 defunctornmambages
1110 1576 1189 1635 opas

94 1668 219 1740 luisset,
243 1667 313 1742 ipsc
335 1664 437 1725 adbuc
469 1666 642 1725 incolumis.
663 1694 706 1707 -
726 1694 729 1699 ·
748 1665 870 1741 Elncet,
904 1668 1003 1744 qualis
1026 1668 1118 1727 inurit
1140 1667 1189 1727 bia

96 1780 150 1839 sir:
182 1775 324 1837 discendi
348 1760 584 1854 cupidissimus,
618 1774 729 1835 doctus
750 1793 808 1853 per
835 1778 955 1838 ratione
986 1779 1133 1854 temporis
1157 1781 1189 1838 et

96 1891 199 1971 gentis,
221 1887 427 1965 plurimorum
449 1886 608 1961 librorum,
627 1886 752 1944 maxima
775 1887 887 1967 arinis
901 1878 1009 1948 coetus
1031 1862 1189 1949 retornau

97 2003 340 2077 conscriptorum
362 1996 495 2058 lectione
517 1996 661 2069 imbutus,
676 1994 832 2057 indsiesao
853 1996 956 2059 studio
973 2000 1017 2060 lta
1036 2002 1073 2060 ut
1096 2000 1188 2061 otiam

100 2112 350 2171 Germanicorum
375 2108 535 2183 doctorum
559 2107 675 2183 scripta
696 2106 852 2168 celebrata
872 2107 976 2190 legere
999 2109 1188 2190 caparam),

99 2222 316 2281 catholicorum
340 2221 491 2294 inlmions,
515 2235 621 2278 eornm
645 2218 835 2306 principibus
856 2220 992 2280 Baronio
1013 2224 1046 2280 ot
1068 2219 1189 2281 Bellor-

100 2336 171 2391 nino
194 2330 360 2391 admodum
383 2329 540 2403 infensus,
570 2326 759 2389 Jcsniturnnr
792 2332 960 2392 acerrimus
982 2332 1187 2406 adversarius,

101 2447 200 2504 unlus
222 2441 347 2518 quidem
370 2438 470 2499 adhuc
492 2455 589 2499 norae
610 2437 769 2499 doctrinae
791 2442 919 2516 anricus,
943 2460 1001 2503 nec
1016 2460 1090 2502 soro
1110 2441 1187 2503 adeo

100 2558 146 2614 snt
166 2555 225 2612 sibi
248 2555 395 2611 constans
419 2554 472 2611 aut
488 2549 678 2609 Graecorum
701 2549 877 2630 dogmatum
898 2570 1014 2626 amans,
1037 2560 1072 2611 nt
1087 2553 1187 2612 aliona

100 2684 153 2726 aon
176 2662 399 2742 approbasset,
432 2660 532 2720 fidelis
556 2660 771 2737 ecclesiarum,
802 2680 880 2738 quas
908 2662 1046 2723 subditas
1069 2663 1185 2735 babuit,

100 2781 209 2850 custos,
231 2777 271 2835 ab
292 2774 374 2833 omni
396 2772 633 2848 superstitione,
657 2790 718 2847 qua
740 2771 890 2833 Graecam
914 2774 1076 2834 ecclesiam
1096 2773 1185 2852 perdi

101 2890 232 2961 censuit,
265 2882 487 2944 remotissimus
503 2879 556 2959 ⁸),
586 2883 776 2964 ignorantiae
799 2888 831 2944 et
852 2889 1025 2945 contemtor
1047 2890 1079 2944 et
1101 2902 1185 2944 oror-

104 3018 330 3037 --=—

161 3114 192 3183 1)
212 3108 320 3164 horres
343 3103 489 3160 anecdotos
509 3110 614 3176 p196.
648 3105 756 3177 Scripta
774 3106 845 3163 baec
865 3116 907 3164 est
928 3110 1043 3182 epistola
1063 3119 1093 3164 ut
1107 3110 1185 3180 pluri-

100 3214 153 3252 aae
174 3213 209 3250 u
233 3195 300 3249 urbe
322 3190 421 3257 Gulro,
445 3192 472 3245 in
495 3207 549 3260 quo
573 3190 684 3262 cyrillus
708 3193 765 3246 lero
789 3193 911 3249 babitare
932 3206 1038 3251 enanat
1056 3194 1082 3251 ln
1104 3195 1186 3249 literis

99 3300 122 3352 p
139 3287 195 3339 157.
211 3279 344 3335 exandiat
363 3278 481 3333 Pasiam
495 3280 584 3332 istam
605 3275 765 3348 (Coptarunr
784 3289 903 3344 sectam,
919 3279 1046 3336 Dioscuri
1062 3289 1089 3334 et
1104 3277 1186 3349 Euty-

99 3364 186 3429 deon,
203 3371 233 3419 ut
249 3364 350 3429 scribit,
370 3363 517 3418 doctrinam
539 3361 704 3433 sequentem)
722 3365 847 3418 notiaco
869 3367 899 3418 tn
915 3383 980 3422 moa
995 3366 1140 3442 Aeprppto,
1156 3368 1188 3417 ιἰι

97 3453 193 3523 κομί
214 3448 297 3505 Cairl
318 3452 452 3514 ctnttalo,
478 3465 569 3519 pesae,
593 3464 682 3519 quum
707 3454 797 3505 antea
817 3448 1091 3527 Arololeptscopatus
1114 3458 1186 3505 essct

98 3533 309 3599 Patriarclsae,
335 3552 388 3609 epo
405 3536 489 3608 quast
510 3540 570 3589 talo
588 3540 717 3605 tempora
733 3536 793 3589 oret
814 3533 1041 3596 Potrlarolsalus
1064 3536 1187 3591 residea-

100 3624 166 3675 tlam
183 3636 282 3674 meam
298 3618 341 3673 sbi
355 3621 457 3692 posui,
483 3617 518 3673 ab
543 3620 712 3691 temperiem
735 3623 813 3674 acrio
836 3623 999 3697 multasque
1021 3621 1099 3677 allas
1114 3638 1187 3675 oom-

101 3707 248 3761 nsdttatea
268 3722 341 3761 raro
363 3723 410 3761 mc
429 3704 643 3760 Alexandriam
667 3702 825 3774 conferatis.
861 3708 905 3764 Do
926 3708 1018 3781 Captis
1043 3723 1188 3781 eorumque

103 3786 248 3847 Pouiarclra
269 3789 341 3845 Calui
362 3788 499 3844 habitante
518 3788 618 3844 monuit
640 3787 728 3859 aliqua
747 3788 916 3848 llclaooclus
932 3794 951 3848 l.
967 3792 984 3847 Ι.
1003 3810 1030 3863 p·
1048 3798 1105 3853 105.

164 3888 189 3951 ξ’)
214 3884 330 3941 Lcltrea
351 3884 638 3954 arsccrlotcsp·174.:
667 3878 742 3937 Nihil
764 3884 870 3949 ambio,
896 3882 960 3939 nihil
982 3866 1063 3953 altio,
1085 3886 1137 3944 nisi
1160 3902 1187 3945 ut

101 3988 199 4040 srsnpss
211 3971 310 4041 aliquid
330 3971 441 4024 discam.
476 3966 512 4022 Et
528 3967 577 4021 auls
599 3964 681 4020 tlnern
699 3966 818 4036 ejusdem
836 3968 939 4039 epistol.
956 3988 983 4043 p.
1000 3972 1074 4031 1755
1094 3972 1187 4029 Hune.

101 4072 154 4109 nun
174 4074 214 4111 me
237 4057 342 4121 uniones,
368 4055 391 4109 si
414 4056 437 4109 ei
460 4055 565 4124 placet,
588 4051 705 4121 reliquos
727 4063 817 4106 tonost
839 4054 910 4124 apud
931 4074 972 4113 se.

161 4155 190 4215 3)
207 4149 306 4205 Nemo
324 4149 474 4217 eaanrpluns
491 4146 675 4217 llottisparus
692 4145 709 4197 Ι.
720 4146 736 4199 Ι.
754 4162 781 4216 p
792 4150 852 4202 boi.
890 4146 1019 4219 Cyrinus.
1035 4171 1114 4222 quirin
1131 4171 1188 4207 ιιιιιι

105 4230 252 4299 botontino,
273 4232 430 4289 l‘olriarcbo
446 4232 623 4298 Antiocheno,
643 4240 670 4285 ot
688 4230 745 4286 aliis
763 4232 897 4305 episcopis
912 4236 1121 4311 'theophanem
1138 4240 1190 4295 Pa·
