2596 4710
92 288 168 335 urs
443 260 768 357 Prolcgomeas.

94 453 124 509 et
144 447 278 507 scribere
301 447 497 522 nescivisset3
528 446 583 507 sed
611 450 647 506 ut
670 464 707 507 eo
730 446 837 507 melius
861 446 901 511 sd
921 446 1073 511 lectorum
1097 450 1191 507 etiam

93 559 304 618 illiteratorum
321 561 444 632 captum
468 575 537 616 sese
559 556 728 617 insinuaret
741 556 785 633 ¹).
830 558 918 635 Quod
937 556 1111 632 consiliam,
1128 559 1190 618 illis

92 668 283 745 temporibus
306 665 569 727 accommodatum
591 668 639 729 bis
662 667 835 744 molestam,
853 668 960 730 libello
982 670 1051 746 ipsi,
1073 671 1191 747 quippe

93 779 291 855 catechismo,
311 776 372 839 luis
393 779 593 856 aptissimum.

581 938 621 1039 s.
673 952 710 1019 e.

177 1116 344 1193 Sequitur,
378 1120 416 1177 ut
450 1115 489 1176 de
524 1115 709 1179 editionibus
743 1119 857 1178 nostris
887 1116 991 1193 eliqua
1024 1115 1190 1195 disputem.

91 1229 173 1291 Edit.
194 1229 294 1307 princ.
316 1226 432 1305 prodiit
451 1226 671 1287 Amstelodsmi
695 1248 723 1289 a.
748 1226 852 1303 1662,
873 1228 1051 1306 praemissio
1072 1230 1191 1291 Νυσία-

90 1342 135 1403 rii
162 1342 194 1400 et
220 1339 389 1401 Parthenii
416 1338 556 1415 epistolis
585 1339 850 1399 commendatitiis.
892 1339 984 1398 Hanc
1012 1343 1192 1417 procurarit

90 1452 288 1529 Panapiotu,
316 1448 357 1508 ad
385 1448 557 1509 amenum
587 1449 690 1511 aulam
718 1451 891 1526 interpres,
921 1469 960 1509 ea
985 1466 1022 1509 re
1048 1468 1192 1531 mamam

93 1561 216 1621 laudem
239 1560 349 1621 nactus
370 1562 404 1639 et
424 1559 506 1638 spud
521 1559 697 1621 Nectarinm
719 1555 853 1639 (pub.)
876 1562 907 1618 et
928 1559 1013 1635 apud
1029 1560 1193 1637 plurimos,

92 1673 232 1732 Graecae
254 1668 403 1731 ecclcsiae
426 1669 590 1731 studiosos.
634 1671 761 1733 Viderat
782 1672 864 1730 enim
886 1669 1104 1745 exemplarium
1127 1690 1191 1729 ma-

92 1785 244 1860 nuscript.
266 1783 347 1841 inter
370 1781 508 1842 Graecos
530 1784 735 1859 paucitatem,
760 1800 853 1858 quam
874 1782 918 1839 ita
938 1780 1035 1839 voluit
1056 1780 1189 1856 elevare,

90 1897 128 1953 ut
148 1893 303 1953 Graecum
326 1891 480 1968 exemplar
502 1892 653 1952 latinitate
675 1892 822 1952 donatum
837 1890 1101 1951 Amstelodamum
1123 1893 1191 1950 mit-

91 2006 174 2064 teret
201 2003 284 2079 typis
315 2001 510 2061 exarandum.
552 2003 635 2063 Hinc
665 2003 746 2063 lalsa
774 2001 876 2063 Caroli
907 2001 948 2061 dn
977 2002 1095 2061 Fresno
1124 2004 1190 2079 opi-

92 2114 144 2175 nio
157 2108 209 2193 Ι),
238 2113 440 2190 Panagiotam
463 2113 564 2189 ipsum
584 2115 804 2175 catechismum
826 2114 857 2171 in
879 2111 1015 2190 linguam
1038 2111 1190 2171 Graecam

93 2242 225 2300 eamque
253 2223 412 2301 uulgarem
439 2224 646 2303 convertissc3
677 2243 771 2301 quum
801 2222 965 2284 Nestorius
994 2222 1041 2300 (p.
1059 2220 1129 2302 51.)
1159 2222 1190 2281 ld

91 2337 213 2395 unium
234 2334 334 2393 laudis
358 2335 385 2391 ei
407 2335 543 2410 tribnat,
571 2336 654 2411 qnod
683 2338 714 2394 in
744 2337 874 2396 latinum
904 2332 1034 2392 verterit
1054 2331 1192 2412 lingnam

93 2448 127 2505 et
147 2463 331 2521 quamquam
353 2445 457 2505 multia
480 2449 513 2506 et
532 2446 640 2507 alienis
663 2448 746 2507 curis
768 2446 926 2505 districtus
955 2443 1020 2502 suis
1043 2443 1190 2519 impensis

93 2565 222 2634 (obstate
247 2561 420 2634 ἀναλώμασι)
451 2556 604 2617 edendum
638 2559 764 2618 curarit.
807 2554 903 2615 Addit
932 2570 1004 2612 vcro
1037 2555 1191 2643 Antonius

93 2667 251 2727 Amoldus
265 2663 309 2741 ³),
332 2667 451 2725 misisse
474 2666 560 2726 illum
583 2668 706 2745 quidem
728 2670 759 2727 ia
782 2665 921 2744 Belgism
943 2663 1112 2741 pecunias,
1135 2664 1191 2723 Οι-

95 2774 183 2835 dines
205 2794 277 2837 sero
308 2778 396 2836 tenta
417 2777 512 2838 luisse
546 2778 729 2839 liberalitate
751 2796 788 2836 ac
811 2775 1039 2848 munificentie,
1071 2777 1117 2849 nt,
1140 2792 1189 2833 re-

92 2887 188 2948 misso
213 2888 280 2947 auri
302 2888 450 2963 pondere,
473 2890 536 2949 suis
558 2892 708 2950 sumtibus
726 2889 843 2948 librum
864 2886 948 2962 typis
971 2885 1106 2944 describi
1128 2903 1191 2943 ma-

90 2995 216 3057 lueriat.
257 2998 295 3057 Iu
329 3016 390 3073 qna
422 3017 456 3058 re
489 2999 520 3058 id
551 3002 742 3078 potissimum
774 2997 895 3057 videtur
934 2995 1072 3057 mirabile
1111 3014 1189 3067 esse,

91 3106 176 3181 qaod
197 3107 324 3185 Belgiae
345 3109 487 3183 ordinas,
518 3115 590 3171 ante
612 3110 726 3185 Gya-illo
749 3108 942 3181 amicissimi,
971 3107 1000 3166 ei
1022 3106 1125 3164 subito
1148 3108 1189 3163 its

90 3220 193 3277 mente
227 3218 354 3277 alienati
383 3220 513 3295 luerint,
546 3225 582 3281 ut
611 3222 676 3280 sine
706 3219 771 3279 ulle
800 3236 910 3278 carnee
939 3217 1051 3276 libmm
1075 3214 1190 3291 Cyrillo

92 3330 267 3407 oppositum
291 3331 387 3408 gratis
407 3331 444 3389 in
461 3330 561 3391 lucem
584 3330 676 3391 edere
705 3330 876 3403 volueriat3
906 3328 965 3386 nisi
993 3326 1075 3386 lorte
1097 3330 1190 3405 pules

91 3457 146 3498 eos
168 3438 359 3519 Panagiotae
380 3440 547 3520 gratificari
570 3442 722 3519 cupiisse,¹
738 3445 773 3500 ut
794 3439 863 3518 ejus
886 3439 986 3518 gretia
1007 3430 1093 3514 spu'd
1110 3438 1189 3499 use

160 3680 188 3747 l)
207 3679 237 3735 ld
254 3682 340 3752 ipsum
357 3678 501 3735 Neobulae
518 3690 593 3735 recte
610 3681 685 3744 s'ldit,
703 3682 747 3752 qni
762 3682 788 3735 ia
806 3680 884 3751 epist.
903 3696 930 3751 p.
946 3679 989 3734 51.
1007 3673 1096 3747 πεζὴν
1112 3677 1200 3733 ists·-

90 3758 212 3831 φράσιν,
237 3782 315 3835 quiam
342 3766 474 3837 interpres
492 3766 561 3821 bene
578 3766 728 3839 oslporem
745 3775 772 3820 et
789 3766 891 3820 radam
909 3765 989 3829 dicit,
1014 3778 1049 3817 co
1068 3772 1202 3833 naemu,

89 3848 151 3919 quia
170 3848 206 3900 ita
224 3844 258 3902 ου’
275 3848 365 3917 μόνον
387 3847 488 3920 σόφοις
506 3845 643 3905 ἀλλᾶκαῑ
660 3855 847 3914 scismaticis
865 3850 943 3905 facile
960 3846 1050 3901 omnis
1068 3856 1190 3916 pateant.

157 3948 187 4017 l)
209 3946 240 4002 ln
258 3950 350 4006 lexico
374 3951 449 4006 med.
474 3959 503 4006 et
527 3950 581 4023 tuf.
602 3950 779 4007 Graecitatis
794 3971 816 4006 s.
835 3968 861 4006 v.
879 3949 919 4020 poi
936 3969 963 4022 p⁴
978 3946 1039 4004 839.
1058 3957 1086 4002 et
1104 3949 1132 4003 lu
1150 3950 1189 4005 us

89 4035 150 4090 dice
165 4043 312 4099 suetonum,
329 4054 442 4106 quomm
460 4053 545 4108 opera
562 4036 710 4101 laudantur,
728 4056 750 4091 s.
770 4037 871 4092 calcem
887 4037 966 4091 lexicl
984 4052 1011 4105 p.
1034 4036 1079 4089 57.

156 4138 186 4207 3)
211 4135 258 4191 De
280 4144 424 4209 perpessa
449 4140 550 4197 eccles.
577 4138 684 4195 cathol.
709 4140 772 4208 fide
798 4143 831 4196 iss
855 4142 971 4214 nepotis)
994 4136 1193 4195 modumsuae

92 4222 171 4281 Posi.
195 4222 256 4281 111.
273 4240 303 4295 p«
317 4223 378 4279 ouo,
