2596 4710
1071 183 1144 255 ''sl-²⁴·

103 318 131 364 ιι
483 294 807 388 Proiegomcns.

14 534 19 543 ,
104 482 243 540 tinctur‘i
285 478 516 540 Praetermissis
537 478 631 558 igitur
652 480 796 556 operibus
819 481 950 540 utrorum
974 458 1117 559 quamuis.
1137 484 1194 545 do-

104 592 325 665 ctissimorum,
356 590 409 667 qui
430 588 573 669 (logmata
594 608 745 667 exponere
777 593 902 667 suisque
931 597 1090 653 sententiis
1122 596 1194 654 illn-

105 704 202 759 strare
225 700 426 772 studuerunt,
459 700 551 758 ueluti
573 701 710 759 Jounnis
730 702 939 773 Damasceni,
963 704 1001 763 od
1023 705 1193 764 contessio-

10 866 40 880 „
104 828 159 867 nes
181 812 371 885 potissimum
394 814 525 869 mentem
548 810 719 883 advertunt,
743 813 794 886 qui
811 812 948 872 Graecae
966 815 1114 875 ecclesiae
1138 834 1194 875 sra-

80 964 84 971 -
103 923 203 979 turam
227 922 402 997 perspicere
424 918 569 995 librisque
593 920 797 999 singularibus
815 924 938 982 tradere
959 924 1077 983 solunt.
1122 926 1192 983 Jam

104 1050 186 1103 reru,
211 1050 303 1106 ‹puum
328 1031 430 1089 nullus
453 1034 549 1090 exstet
571 1031 648 1088 liber
671 1030 864 1104 sprubolicuS,
883 1033 921 1090 ab
938 1036 1077 1093 omuibus
1095 1036 1193 1093 Grem-¹

9 1114 27 1209 :l
49 1178 68 1186 --
105 1161 209 1199 corum
233 1142 442 1199 sacerdotibus
472 1142 514 1198 ita
548 1141 756 1217 subscriptus,
787 1146 822 1200 ut
844 1143 882 1201 ab
905 1143 972 1219 ejus
995 1143 1138 1219 doctriua¹
1158 1163 1192 1203 se

16 1254 20 1259 '
104 1252 302 1311 nullomodo
325 1269 501 1311 recessuros
531 1270 665 1325 unquam
696 1271 781 1325 esse,
814 1254 901 1327 quasi
930 1254 1133 1331 jurejurando
1158 1246 1198 1331 se·

1 1394 16 1436 ς
104 1364 335 1421 obstrinxissent
357 1363 477 1433 cuncti,
503 1362 533 1418 in
556 1361 603 1419 his
624 1362 699 1437 ipsis
723 1361 970 1438 consess-ionibus
993 1366 1196 1445 acquiescens⁴
1221 1380 1227 1419 1

1 1505 3 1519 ι
95 1438 176 1533 'llum
199 1476 256 1547 est,
279 1490 355 1549 quas
376 1470 426 1530 rel
447 1470 586 1546 publicas
607 1471 656 1531 rel
677 1472 812 1547 privatas
832 1490 901 1533 esse
916 1476 1039 1547 scimus,
1062 1472 1215 1557 qupruns's

104 1603 183 1662 qnae
205 1582 244 1641 ad
265 1583 396 1659 prinrum
424 1599 521 1659 genus
551 1584 706 1657 pertinent
725 1581 774 1643 rel
796 1584 950 1658 pertinere
979 1558 1114 1657 solunt,¹
1128 1558 1213 1673 lroc¹

103 1694 225 1771 quidem
246 1693 399 1751 volumine
429 1690 573 1770 colligere
605 1692 737 1770 placuit,
769 1712 807 1750 ne
831 1693 951 1752 Graeca
979 1694 1114 1755 ecclesia
1135 1695 1194 1753 bo-·

103 1821 188 1879 nore,
213 1822 274 1879 qno
297 1803 374 1863 alise
392 1800 457 1879 jam
479 1800 594 1859 cludurn
618 1802 782 1874 iruuntur,
804 1802 928 1881 indigna
951 1778 1206 1869 rideatur'osscl·

581 2005 621 2100 s.
672 2011 710 2081 2.

185 2182 289 2243 Prima
309 2197 382 2240 rero
405 2180 537 2252 occasio,
559 2179 691 2256 publice,
714 2198 793 2257 qnae
816 2182 855 2241 sit
876 2181 953 2242 tides
977 2204 1012 2243 ac
1035 2186 1118 2245 circa
1140 2168 1194 2273 res}

102 2295 216 2354 (lisinas
246 2292 423 2369 persuasio,
455 2290 618 2367 profitendi
652 2292 756 2350 oblata
786 2297 834 2351 est
863 2294 1000 2354 Graecae
1029 2295 1192 2378 ecclesiae,

100 2424 213 2483 quum,
235 2402 500 2481 Constantinopoli
524 2420 602 2461 anno
627 2401 740 2460 saeculi
763 2404 828 2461 XV.
854 2406 1106 2483 quinquagesimo
1125 2410 1193 2491 t⁰l³

98 2518 142 2575 tio
167 2514 416 2575 anluhemmeue
439 2514 536 2573 altero
555 2513 584 2571 si
606 2516 795 2592 expugnata,
829 2514 866 2573 de
890 2515 1079 2574 Graecorum
1102 2516 1194 2599 cnriss

99 2626 268 2687 stienorum
286 2624 409 2701 juribus
440 2624 609 2698 quaesitum
641 2626 732 2683 esset.
773 2626 885 2685 Narrat
912 2625 1004 2702 hujus
1034 2627 1079 2685 rei
1102 2625 1193 2687 locu-

98 2735 285 2815 pletissimus
306 2734 394 2793 testis
414 2732 446 2791 in
468 2734 602 2792 Martini
617 2732 722 2793 Cruoii
735 2736 819 2795 Hist.
835 2738 960 2796 Eccles.
978 2724 1191 2815 Turcopra'ec'ss

96 2846 139 2909 ΙΙ.
169 2866 200 2923 p.
221 2842 280 2904 1⁰8
304 2862 368 2919 sq.,
396 2842 655 2918 blnbammfflem,
686 2848 820 2903 ceterum
854 2866 975 2905 sacrum
1014 2844 1192 2923 tyrannem,

97 2954 258 3019 Geuuadio
286 2956 361 3013 tunc
388 2955 534 3031 temporis
556 2954 753 3013 Patriarchae
784 2954 909 3014 mirifice
933 2956 1063 3028 serisso,
1098 2934 1192 3033 eique

96 3086 160 3127 non
183 3066 282 3126 solum
304 3064 385 3124 done
399 3060 442 3145 ¹),
467 3065 505 3123 ab
526 3064 765 3141 Imperatoribus
781 3065 969 3125 Patriarchis
991 3067 1097 3126 electis
1121 3060 1192 3129 dari

95 3181 255 3249 consucta,
278 3176 478 3250 concessisse,
500 3174 554 3234 sed
577 3176 666 3234 etiarn
690 3175 874 3233 domicilium
898 3178 925 3235 ci
949 3177 1109 3237 donavisse
1134 3194 1191 3239 ce-·

94 3286 290 3349 leberrimum
312 3286 520 3363 apostolorum
539 3285 704 3361 templum3
727 3285 868 3361 denique,
891 3287 1011 3347 bomine
1031 3308 1092 3361 non
1112 3274 1198 3364 pro-³

94 3396 147 3459 cul
167 3399 283 3471 occiso,
303 3398 419 3456 serenti
436 3396 645 3470 Patriarchae,
667 3416 705 3455 ne
722 3397 788 3473 ipse
810 3397 943 3455 criminis
962 3398 1189 3476 inculparetur,

92 3508 279 3587 permisisse,
302 3510 337 3565 ut
358 3508 415 3565 sibi
435 3508 651 3566 monasterium
673 3507 824 3585 Deiparae
846 3507 1103 3567 Pammacaristae
1129 3510 1190 3571 ‹lo-

92 3620 238 3701 micilinm
270 3618 404 3698 eligeret.
448 3616 560 3690 sunit,
594 3618 693 3695 ipsum
724 3617 967 3679 blnbammedcm
1003 3618 1120 3677 risendi
1153 3626 1189 3683 et

93 3728 288 3807 colloquendi
311 3743 419 3787 caussa
451 3729 482 3787 in
510 3728 570 3787 boc
598 3729 746 3805 templum
767 3731 944 3805 intrauisse,
973 3729 1023 3787 cui
1059 3728 1096 3789 de
1121 3729 1188 3793 tide

160 3996 190 4065 t)
207 3992 291 4048 Erant
315 3993 450 4064 preciosus
467 3994 551 4064 pileus
576 4010 635 4049 cum
652 3994 803 4051 velamento
819 3995 870 4050 sub
888 3994 976 4065 pileo,
1005 3992 1113 4065 pallium
1133 4014 1185 4053 un·

89 4078 225 4145 eiulatum,
250 4078 325 4133 albus
343 4096 444 4149 muns,
461 4096 515 4149 epm
534 4079 666 4135 adscensu
684 4080 852 4135 Patr-inrcbus
872 4081 963 4135 urbem
982 4083 1183 4153 perequitabar,

88 4160 175 4216 fausta
198 4162 222 4217 ei
239 4173 371 4232 precatus.
408 4162 461 4216 Cir.
481 4162 648 4219 lictaeccius
670 4166 819 4237 abbiidung
843 4166 891 4220 der
916 4166 985 4221 nlteu
1011 4168 1066 4224 und
1089 4186 1180 4227 neuen

87 4248 185 4319 gresch.
205 4246 311 4303 llirclre.
345 4243 456 4317 laelpzig
473 4253 547 4309 1711.
570 4249 614 4305 lll.
641 4270 667 4323 p.
686 4258 727 4309 60.
1030 4242 1033 4247 ¹
