2596 4710
490 469 815 567 Prologomcna.
1147 498 1196 546 nv

101 660 301 723 Patriarcbae
325 675 389 719 non
411 656 590 717 dubitarunt
616 659 681 719 sois
710 659 883 719 nominibus
904 659 1087 739 subscriptis
1108 678 1195 721 com-

103 772 248 833 mendare
277 770 391 831 librum
420 770 510 847 eiquo
536 770 636 831 totam
655 767 843 830 Orientalem
871 769 1033 832 ecclesiam
1062 771 1195 833 obstrin-

99 900 170 962 gers
194 877 291 943 toti.
335 881 491 958 Quantum
513 895 587 940 vero
607 878 702 959 legati
723 878 768 941 illi
790 881 822 943 in
842 880 1013 958 madano,
1034 898 1092 942 suo
1109 880 1195 959 judl-

98 995 145 1052 cio
167 990 335 1069 subjecto,
363 992 531 1068 mutarint3
563 988 595 1048 id
617 990 816 1070 ignoramos3
843 991 905 1053 boc
924 1008 1000 1053 sero
1022 990 1195 1068 consimile,

99 1102 365 1167 adumbrationem
388 1101 455 1181 lam
485 1100 616 1166 termam
645 1101 822 1168 catechismi
857 1102 1002 1169 babuisse
1032 1119 1071 1163 ae
1095 1101 1196 1161 tribus

99 1215 241 1292 partibus
263 1212 367 1277 omnia
387 1211 574 1287 maldera,
602 1210 722 1298 scilieet
750 1211 790 1277 ad
810 1215 875 1275 tros
896 1214 1046 1287 virtutes,
1075 1228 1114 1273 ex
1133 1210 1195 1271 lu·

101 1324 217 1404 guetini
240 1326 343 1385 aetate
362 1322 592 1399 transmotae,
621 1320 743 1407 fidem,
755 1340 861 1402 apem,
882 1324 1051 1387 caniciem.
1095 1322 1197 1400 Quae-

99 1454 206 1495 rmus
221 1437 326 1513 potius
343 1433 382 1494 de
398 1435 529 1511 perlecti
546 1433 628 1507 libri,
650 1434 702 1509 qul
717 1433 767 1494 rel
782 1434 960 1497 catechismi
977 1434 1026 1495 sei
1047 1438 1198 1513 ὁμολογίας

96 1564 211 1607 momen
233 1547 364 1623 accepit,
386 1548 506 1607 natura.
549 1544 654 1609 Prima
675 1546 764 1621 parte
786 1544 825 1604 de
844 1544 923 1624 fidei
939 1544 1116 1605 delinitione
1131 1541 1198 1621 agi-

98 1660 169 1731 tur,
199 1658 378 1734 primusque
398 1655 552 1717 Nicaenaa
581 1654 731 1719 formulae
761 1655 911 1717 erficulm
941 1655 1015 1733 quid
1045 1654 1104 1714 sibi
1123 1651 1197 1712 velit

98 1768 285 1829 declardur.
329 1766 499 1829 Disseritur
527 1764 566 1829 do
596 1764 671 1840 deo,
700 1767 800 1826 tribus
828 1752 988 1849 partemii,
1017 1766 1056 1825 de
1086 1763 1195 1823 divinis

101 1879 275 1953 attributis,
297 1876 337 1938 ds
361 1876 478 1957 angelis
500 1879 566 1936 tum
588 1876 677 1935 bouis
701 1880 766 1935 tum
788 1876 893 1951 malis,
923 1877 963 1939 eis
984 1873 1195 1953 protoplasto-

99 2006 169 2049 rum
190 1991 274 2049 statu
296 1988 453 2047 innocenti
482 2005 519 2046 ac
540 2005 598 2067 por
629 1990 791 2064 peccatum
813 1988 845 2045 in
866 1986 1002 2049 deterius
1024 1986 1195 2057 immutato,

101 2098 140 2158 de
161 2099 365 2175 providentia,
387 2096 427 2158 de
448 2101 566 2175 septem
588 2099 716 2175 spiritua
738 2114 763 2157 a.
783 2096 882 2172 donis,
904 2096 943 2161 de
965 2114 1074 2156 uorem
1095 2093 1196 2155 eecle-

97 2210 163 2268 siae
184 2210 379 2286 praeceptis,
410 2209 449 2268 de
472 2210 686 2284 mysteriorum
709 2211 820 2269 natura
848 2213 880 2268 et
907 2226 1045 2269 numero.
1088 2204 1195 2267 Altera

97 2323 188 2397 parte
210 2319 285 2397 quid
307 2321 348 2380 ait
366 2322 510 2396 precatio
538 2335 562 2379 s.
586 2322 686 2378 oratio
709 2320 887 2415 exponitur,
919 2322 969 2399 ot,
998 2324 1034 2379 ut
1055 2316 1194 2390 decebat,

98 2410 221 2511 regales
243 2431 315 2490 illae
337 2448 465 2510 preces,
487 2448 564 2507 quas
587 2429 727 2489 Christus
749 2430 881 2489 instituit
903 2434 936 2489 et
958 2430 1079 2502 docuit,
1102 2427 1194 2486 latius

99 2542 310 2618 explicantu13
339 2543 430 2601 ctiam
461 2541 500 2602 de
523 2540 636 2619 epilogi
666 2540 847 2617 antiquitate
874 2544 906 2601 et
926 2560 985 2600 usu
1009 2541 1194 2619 disputatur,

61 2620 68 2637 ι
98 2652 231 2728 denique
254 2669 364 2713 norem
386 2651 579 2731 evangelicae
602 2649 807 2710 beatitudines
833 2654 1071 2729 pertractantur.
1115 2644 1196 2709 Tor?

99 2765 142 2822 tia
157 2767 247 2840 parte
262 2764 433 2840 exponitur,
449 2781 528 2838 quae
548 2762 610 2819 sint
628 2779 724 2835 opera
741 2762 822 2821 bona
837 2764 988 2827 exiliatth.
999 2767 1032 2823 i'.
1043 2762 1072 2822 3.
1082 2792 1122 2803 -
1134 2762 1192 2829 it,

99 2892 134 2935 ox
156 2877 269 2951 quibus
291 2878 445 2949 tamquam
478 2874 604 2932 maxime
629 2873 798 2949 praecipua
819 2872 976 2950 jejunium
1007 2877 1039 2932 et
1060 2876 1193 2932 elecmoa

99 3006 178 3065 spira
208 2985 415 3063 disputantur.
458 2986 539 3044 Hinc
572 2984 671 3042 facilis
705 2983 764 3043 suit
798 2984 838 3043 ad
864 2992 998 3058 peccota
1034 2984 1192 3051 transitus,

100 3114 229 3173 quorum
250 3095 376 3173 partitio
405 3095 437 3153 in
461 3096 569 3155 letalia
596 3097 628 3153 et
649 3113 711 3152 nou
733 3094 841 3153 letalia
863 3095 953 3153 etiam
977 3095 1028 3153 hic
1048 3093 1189 3151 obtinuit.

100 3206 141 3265 Ex
163 3208 264 3283 primo
287 3225 400 3288 genere
423 3206 569 3283 imprimis
601 3204 765 3280 inquiritur
786 3204 817 3263 in
840 3207 969 3286 peccata
991 3206 1022 3263 in
1045 3205 1190 3282 Spiritum

102 3334 124 3375 s.
141 3319 307 3377 commissa
328 3320 361 3376 et
382 3336 460 3393 quae
482 3315 611 3393 abipso
634 3316 692 3375 dco
714 3314 861 3374 ultionem
884 3318 1062 3391 exposcunt.
1106 3315 1193 3375 Alte·

101 3448 165 3489 rum
188 3448 288 3510 genus
311 3448 347 3487 cx
376 3427 481 3487 decem
503 3429 598 3488 Musis
628 3428 802 3503 praeceptis
832 3424 1006 3506 colligitur,
1041 3429 1140 3487 itaut
1163 3430 1192 3485 in

102 3540 188 3617 primi
226 3539 414 3615 expositione
446 3545 625 3598 cunctorum
654 3539 859 3601 inuocate'crris
887 3534 923 3595 fit
945 3530 1076 3611 tuentio,
1110 3544 1141 3597 et
1164 3540 1192 3595 iu

104 3650 242 3725 alterius,
265 3648 349 3727 quod
370 3652 405 3708 ut
428 3648 510 3727 apud
532 3648 764 3724 reformat0s1)
787 3646 824 3708 dc
847 3649 1028 3728 imaginibus
1051 3652 1122 3729 agit,
1146 3670 1195 3708 os-

172 3941 202 4009 l)
222 3938 279 3995 cn.
300 3936 419 4009 Gefflcm
436 3941 503 3993 tiber
520 3939 563 3993 die
579 3938 771 3993 veraeiiiedene
789 3938 959 4010 litatiellung
976 3942 1025 3994 des
1043 3938 1195 4009 Demlogns

110 4027 161 4081 orl
181 4028 235 4082 cleu
261 4022 379 4079 Einilusa
405 4024 548 4079 desselben
575 4026 625 4079 aui
655 4025 707 4079 den
736 4023 835 4080 Cultus.
873 4025 1017 4095 liuniburg.
1048 4024 1119 4079 iata.
1157 4022 1193 4078 Ut

108 4114 175 4165 enim
194 4112 229 4167 de
253 4110 381 4165 librorum
398 4110 587 4163 osnonicorurn
613 4118 640 4163 et
656 4110 869 4182 apocryphorum
888 4111 1061 4180 Augustinurn
1084 4112 1151 4165 iuter
1168 4124 1195 4164 et

107 4196 294 4273 Hieronymum
313 4196 446 4250 dissensio
463 4194 530 4257 tuit,
547 4208 616 4265 quoe
633 4200 697 4265 port
712 4192 794 4249 multa
809 4194 915 4248 suectdu
931 4196 1041 4257 revisitt
1060 4196 1099 4251 sic
1116 4200 1195 4251 etiarn

106 4280 142 4337 de
156 4282 278 4353 decalogi
298 4281 407 4343 ordine,
432 4295 589 4351 ‹prsrrmqnam
607 4280 634 4335 in
651 4277 704 4333 bac
719 4288 793 4335 certe
812 4296 842 4334 re
859 4296 913 4335 uon
936 4278 972 4335 ad
990 4278 1041 4335 litis
1059 4282 1194 4335 noritrtem

104 4378 260 4439 perventum
278 4375 328 4421 eat.
364 4365 508 4429 liutherus,
525 4368 698 4435 Augustinum
713 4374 829 4429 secutus,
847 4364 991 4421 seeundum
1005 4372 1104 4419 tentum
1112 4362 1195 4418 llo-br.

107 4472 134 4507 nc
152 4454 295 4524 i'uiguiutu
311 4453 452 4523 truoginuur
469 4451 679 4507 interdictionem
698 4466 757 4505 cum
777 4450 863 4520 primo
883 4444 1028 4524 prmcteplo
1047 4452 1196 4522 cuprinum
