2596 4710
480 95 806 189 Prolcgomcns.

586 328 716 425 ov·
828 422 831 429 .

183 511 279 569 Forte
299 523 376 567 rero
397 523 456 565 nec
479 503 629 562 insilierito
651 502 732 561 lianc
755 502 979 562 consessionem
1003 504 1101 564 oculis
1123 526 1193 584 per-

100 621 235 681 lustrans
258 619 396 691 mireris,
420 617 471 693 qui
495 618 610 674 lactum
633 616 682 690 sit,
704 616 741 673 ut
761 614 901 673 Graecae
922 615 1044 695 linguae
1067 618 1195 678 mirilico

98 735 243 791 ressustas
267 732 331 788 tam
354 727 456 787 subito
486 726 523 784 ad
548 726 627 785 hanc
659 744 721 785 nou
743 724 985 785 mediocritatem
1008 726 1064 786 sed
1084 729 1194 790 serbo·
1255 788 1264 799 ,

97 862 165 902 rum
190 860 226 901 ac
249 840 416 900 turmarum
439 837 623 915 farraginem
653 836 841 897 delloruerit.
886 837 945 911 Qui
978 838 1058 896 euim
1088 841 1194 915 paullo

97 960 171 1011 ante
193 953 266 1010 vixit
282 949 415 1025 cyrillus
438 950 574 1021 Luceria,
596 950 640 1006 ita
657 946 777 1007 Graece
800 947 933 1023 scripsit,
954 949 991 1005 ut
1011 953 1097 1009 certe
1121 944 1194 1029 quid

96 1065 171 1123 relit
201 1062 346 1122 facillime
378 1059 542 1137 intelligas.
586 1058 627 1117 at
658 1061 767 1117 contra
802 1056 895 1134 hujus
925 1056 1021 1117 libelli
1052 1068 1194 1124 auctores

96 1176 209 1231 ruitum
238 1176 388 1249 ventum
417 1171 583 1229 abborrent
612 1185 631 1228 a
661 1170 797 1245 puritate
825 1168 957 1247 linguae.
1008 1168 1076 1231 lb'on
1114 1176 1195 1237 enim

97 1286 200 1343 solum
227 1284 372 1360 proprios
408 1281 523 1340 habeut
559 1280 721 1339 verborum
750 1279 940 1355 structuras,
976 1280 1070 1342 veluti
1099 1305 1195 1364 quum

98 1391 306 1471 praecedente
327 1396 408 1470 part.
432 1396 480 1450 ἵνα
501 1410 540 1451 aa
555 1391 739 1451 Infinitirum
761 1388 884 1465 quidem
903 1406 1021 1467 punem
1044 1393 1194 1472 dnbltant,

100 1506 154 1564 sed
176 1522 272 1564 nores
302 1506 333 1563 et
365 1503 516 1562 inauditas
545 1502 660 1561 formas
688 1503 857 1577 usurpant,
886 1500 923 1557 ut
941 1501 1039 1571 savoia,
1065 1503 1194 1574 οὐδένας,

102 1634 178 1674 nora
200 1614 352 1675 vocabula
373 1614 580 1686 fabricantur,
609 1615 645 1671 ut
665 1619 787 1685 ςέεοιος,
813 1617 948 1686 amase,
973 1618 1038 1692 teri,
1061 1615 1093 1671 et
1116 1614 1195 1672 enti-

104 1728 168 1802 quis
190 1727 234 1786 ita
255 1726 442 1798 abutuntur,
463 1726 499 1783 ut
521 1741 599 1784 nors
622 1740 728 1783 eorum
752 1721 871 1797 species
896 1722 1037 1796 assistat,
1059 1741 1095 1782 ex
1117 1740 1196 1802 quo-

103 1854 169 1895 rum
198 1853 314 1915 genere
346 1840 377 1896 et
406 1837 516 1912 partic.
539 1837 570 1893 in
592 1866 634 1879 -
656 1854 746 1897 ωπας
763 1860 798 1873 -
815 1852 899 1896 enus
920 1836 952 1892 et
979 1832 1073 1893 rerba
1101 1820 1133 1893 lb
1152 1864 1196 1881 ..-

104 1966 165 2005 m
185 1950 276 2020 sunt,
299 1963 395 2006 novas
415 1947 556 2005 tribuunt
575 1946 676 2005 serbis
697 1943 953 2022 significationes,
984 1943 1078 2003 veluti
1100 1948 1196 2021 duum

105 2059 212 2136 partic.
234 2056 315 2114 adua
336 2054 428 2117 modo
449 2074 507 2134 pro
529 2057 680 2133 proposit.
697 2053 788 2113 modo
810 2073 867 2131 pro
884 2074 1024 2133 proaem.
1041 2056 1194 2115 distribut.

106 2168 194 2227 modo
216 2186 275 2246 pro
297 2166 409 2243 adjeci.
434 2166 577 2225 babeant.
621 2166 709 2225 Haeo
730 2168 840 2242 omnia,
866 2186 945 2244 quae
968 2166 1050 2227 iecili
1071 2170 1194 2248 negotio

107 2284 242 2356 poteram
258 2280 302 2338 ita
324 2295 447 2356 augere,
470 2280 506 2336 ut
527 2277 646 2336 lexicon
669 2279 701 2335 et
722 2279 950 2361 grammaticam
968 2295 1194 2354 componerem,

106 2390 250 2450 lectorem
278 2392 398 2447 terrent
426 2388 522 2468 magis
554 2405 645 2463 quam
680 2386 827 2447 alliciunt.
871 2387 1045 2448 Difficultas
1074 2393 1195 2465 crescit,

106 2519 197 2577 quum
219 2518 281 2559 uou
302 2503 366 2558 tam
387 2516 514 2575 pravum
544 2496 664 2556 dicendi
694 2515 792 2577 genus
821 2497 961 2557 rideatur
989 2518 1074 2573 esse,
1105 2520 1195 2576 quarn

105 2630 182 2672 nora
203 2610 372 2684 dialectus,
406 2610 496 2687 qu'us
525 2610 652 2686 propria
680 2625 738 2667 neo
760 2608 856 2668 lexico
878 2608 942 2667 ullo
966 2628 1023 2668 nec
1046 2630 1197 2689 gramma-

105 2728 165 2785 tics
186 2723 288 2783 adbuc
311 2722 466 2797 descripta
490 2720 602 2778 videas.
646 2718 710 2778 Neo
735 2720 815 2778 enim
830 2717 1000 2795 Dnsreenii
1021 2739 1078 2780 uec
1100 2720 1196 2783 multo

105 2838 202 2895 miuus
224 2832 354 2895 Saicere'
385 2832 503 2890 lexicon
536 2830 575 2888 ad
602 2829 754 2888 vocabula
784 2832 848 2888 tum
878 2848 958 2888 nova
986 2834 1052 2891 tum
1081 2835 1199 2895 mutate

104 2950 167 3005 tum
190 2945 278 3005 uorir
302 2940 576 3023 significationibus
606 2939 746 3016 praedita
769 2939 890 2999 facilius
912 2941 1111 3022 intelligendo
1133 2945 1199 3005 sui·

105 3056 178 3135 ficit,
198 3058 243 3116 ita
263 3056 310 3127 ut,
333 3054 385 3128 qui
408 3055 495 3111 tanta
517 3052 599 3110 esset
620 3049 753 3111 lectione
775 3054 921 3128 tantaque
944 3054 1140 3131 assiduitate,
1162 3060 1199 3117 ut

106 3168 227 3229 illorum
259 3164 413 3225 massaris
448 3161 601 3222 exhaustis
636 3179 747 3220 norum
777 3165 809 3222 et
836 3164 962 3224 uberius
996 3184 1092 3244 opus,
1125 3186 1199 3244 quo,

108 3286 307 3359 quamque
338 3294 358 3334 a
379 3273 555 3333 Graecitate
584 3272 800 3347 abhorrerent,
832 3272 996 3355 diligenter
1028 3280 1199 3355 composita

110 3394 209 3451 ment
230 3391 263 3449 et
283 3388 314 3445 in
338 3383 461 3444 ordines
491 3382 633 3457 redacta,
664 3402 788 3442 exarare
818 3385 965 3459 uoluerit3
999 3389 1024 3446 is
1056 3388 1199 3464 prolecto

114 3498 147 3561 de
164 3504 224 3561 ista
246 3501 354 3577 lingua
376 3500 407 3555 et
428 3496 634 3555 recentiorum
657 3494 847 3555 Graecorum
872 3497 995 3574 placitis
1017 3498 1198 3580 theologicis

116 3612 216 3687 rptlme
238 3608 397 3669 meruerit·
440 3607 497 3665 list
519 3607 598 3665 enirn
620 3607 680 3665 ista
702 3609 788 3681 qussi
810 3608 919 3681 media,
935 3626 993 3666 nec
1015 3609 1119 3684 prisca
1141 3632 1199 3674 nec

116 3719 164 3779 illa
182 3738 309 3793 recens,
332 3737 393 3794 qua
416 3736 497 3775 nunc
518 3720 649 3775 utuntur
670 3716 800 3791 Graeci3
824 3717 913 3777 mixta
933 3716 1042 3795 igitur,
1072 3740 1092 3781 a
1113 3729 1200 3784 vetu-

115 3834 187 3891 state
206 3850 281 3891 sero
303 3831 399 3909 magis
423 3848 512 3905 quam
537 3849 554 3888 a
577 3828 839 3915 receutillinguae
862 3828 961 3889 torma
984 3829 1100 3907 alisna,
1123 3854 1200 3910 qua-

114 3940 167 4001 lem
188 3948 265 4001 tuuc
286 3941 434 4017 temporis
457 3940 576 3999 Graece
600 3939 763 4015 loquentes
786 3937 964 4000 formarent.
1009 3944 1107 4019 Quam
1131 3948 1199 4021 qui.

116 4050 177 4113 dem
199 4057 309 4113 auctor
330 4050 529 4110 confessionis
554 4070 614 4109 non
639 4071 684 4110 co.
700 4050 811 4127 elegit,
842 4052 929 4125 quasi
958 4055 1073 4112 reotlus
1096 4050 1217 4115 elicere*'
