2596 4710
165 288 216 334 an
516 261 835 356 Proleg‘omcna.

164 447 301 524 exemplo
322 450 488 525 antiquitus
499 532 503 539 ι
507 448 572 527 jam
595 448 748 523 adhibito,
776 449 859 526 quod
881 450 919 511 da
941 450 1072 511 bominis
1093 468 1129 511 ex
1148 450 1255 527 anima

164 564 197 625 ct
217 578 347 635 corporo
368 560 529 636 compositi
551 562 661 619 natura
682 562 790 619 sumsit
812 580 842 638 p.
867 560 915 619 17.
957 560 1045 623 Idem
1067 577 1128 619 nou
1151 558 1254 619 solum

165 671 264 731 estin
285 670 448 748 Augustini
471 669 609 746 plurimis
630 646 727 746 locis3
757 671 812 731 sed
845 672 935 730 etiam
966 668 1048 747 apud
1078 669 1166 743 alios,
1201 671 1255 745 qui

163 779 414 857 philosophorum
435 779 664 838 Platonicorum
696 779 865 840 doctrinam
895 782 928 841 at
950 780 1070 840 dicendi
1100 781 1254 839 rationem

163 891 274 949 adres
304 890 485 948 christianas
515 890 702 948 enarrandas
732 890 1011 951 accommodarunt.
1054 891 1118 950 cn.
1143 891 1254 964 Cyn-illi

162 999 259 1059 altera
282 998 321 1059 ad
343 1000 433 1058 Sacc.
459 1001 547 1075 epist.
564 1001 642 1077 Opp.
663 1003 697 1059 V.
715 1001 743 1059 t.
763 1000 833 1063 143.
875 1002 957 1061 Huic
980 1000 1072 1060 altino
1096 1004 1144 1060 est
1164 1000 1254 1072 illud,

163 1110 261 1187 quod,
291 1111 343 1186 qui
365 1111 435 1169 huic
459 1110 644 1170 similitudini
668 1111 782 1186 aliquid
810 1112 954 1171 momenti
976 1130 1012 1170 ac
1036 1111 1182 1187 ponderis
1205 1111 1254 1167 in-

162 1238 231 1281 esse
252 1223 483 1291 arbitrarentur,
506 1224 552 1280 usi
569 1225 648 1287 ,aunt
669 1220 810 1293 formula,
833 1240 904 1296 qua,
927 1241 988 1297 quo
1011 1227 1102 1298 pacto
1118 1221 1254 1279 humana

145 1335 271 1390 'natura
298 1331 385 1407 juxta
415 1330 542 1389 divinam
572 1352 639 1391 esse
666 1333 835 1408 potuisset,
876 1332 1026 1408 explicaro
1059 1350 1127 1391 seso
1159 1347 1253 1405 posse

56 1442 73 1483 '·
163 1444 372 1517 opinarentur,
396 1441 455 1500 hac
479 1444 629 1514 nimirum,
654 1442 864 1518 quae'ihidem
888 1442 971 1517 apud
988 1441 1182 1502 Gennadium
1207 1444 1254 1498 est

163 1557 220 1612 ali·
241 1551 280 1621 7.,
303 1556 552 1634 τὴνρνθρωπειάν
570 1560 654 1647 priam
673 1559 704 1616 ἐν
722 1558 797 1636 αὐτῷ
815 1563 854 1632 τῷ
872 1563 1088 1630 προσληφθῇναι
1107 1563 1252 1630 συστῆναι,

162 1663 245 1739 quod
267 1662 345 1721 idem
366 1661 458 1738 plane
481 1665 544 1736 ost,
574 1661 657 1736 quod
689 1663 899 1723 exactoribus
921 1660 1126 1720 Alexandrina
1150 1661 1254 1737 phito-

159 1774 269 1851 sophis
297 1772 521 1857 imbutia'dixit
547 1771 706 1848 Hippolyt.
738 1775 836 1831 contr.
865 1771 952 1830 Noet.
976 1770 1027 1832 15.
1049 1777 1080 1835 ts
1103 1779 1176 1852 λόγῳ
1202 1783 1253 1853 τῆν
1293 1772 1296 1777 ’

160 1894 289 1951 σύστασιν
306 1890 395 1962 ἔχειὴ
415 1890 485 1962 σὰρξ
502 1876 547 1960 ¹),
568 1886 599 1940 et
621 1880 702 1957 quod
718 1880 932 1954 Bollarminua,
956 1881 1057 1940 multis
1080 1882 1253 1958 interjectis

153 1993 290 2053 'obsculis
321 1992 497 2065 contendit,
535 1991 573 2050 do
603 1990 724 2050 Christo
752 1992 808 2050 111.
835 1990 904 2050 ln:
934 1991 1069 2051 Verbum
1097 1995 1254 2051 sustentat

40 2134 43 2140 ·
158 2105 387 2164 humanitatem.
431 2103 573 2161 Humana
595 2104 705 2160 natura
734 2104 880 2179 scipso,
914 2102 995 2178 quod
1026 2121 1046 2161 ι
1068 2100 1170 2160 diuina
1201 2121 1253 2161 as-

159 2218 260 2273 sumta
283 2217 347 2288 est,
369 2214 523 2285 substitit,
545 2212 738 2271 subsistendi
757 2211 898 2289 facultas
920 2212 1108 2271 banaunituti
1128 2232 1149 2276 a
1171 2196 1254 2273 ‹liui-

159 2345 201 2384 nu
223 2326 325 2383 attera
344 2343 501 2398 persensae
527 2329 619 2397 purte
650 2324 749 2380 indita
773 2331 831 2382 est.
875 2322 919 2382 It'e
941 2341 1014 2381 uero
1037 2322 1150 2381 Christi
1174 2322 1255 2381 divi-

159 2436 238 2495 nitns
272 2434 421 2493 laumense
454 2413 580 2492 naturae
613 2414 758 2491 adstricta
788 2433 936 2506 arctiore,
969 2451 1060 2508 quam
1093 2450 1150 2508 par
1174 2434 1253 2505 erat,

158 2546 228 2605 loco
252 2544 458 2605 circumscribi
480 2543 645 2615 uideretur,
667 2543 829 2600 vindicarit
852 2543 878 2602 ei
901 2561 932 2619 p.
955 2540 1004 2602 18.
1021 2543 1078 2601 Dei
1096 2544 1252 2616 virtutem,

158 2658 219 2734 qua
239 2660 371 2727 veteres,
390 2654 482 2714 ueluti
506 2653 644 2729 Theoph.
670 2651 708 2710 ud
726 2652 829 2711 Autol.
840 2652 881 2713 11.
897 2650 935 2712 ’3.
981 2651 1064 2732 Orig.
1090 2652 1127 2711 de
1150 2654 1252 2729 princ.

157 2768 198 2841 11,
223 2766 272 2828 1³.
315 2767 415 2825 Deum
449 2763 561 2821 mundo
591 2763 684 2842 longe
707 2765 914 2839 superiorem,
949 2763 976 2822 ei
1006 2763 1129 2822 minime
1162 2765 1253 2839 quasi

157 2878 344 2956 implicatum
367 2895 444 2947 csse,
468 2876 654 2934 conarentur
675 2865 863 2950 monstrare3
894 2873 964 2931 dico
987 2862 1143 2950 id‚'·quod
1168 2872 1253 2950 apud

147 2989 320 3068 'origenem
350 2989 461 3064 passim
492 2989 539 3045 esi
568 2985 600 3050 cd
626 2990 759 3064 ἄπειρον,
793 2989 1018 3065 ἅπερίγραπτον,
1051 2987 1251 3062 ἀπερίληπτον.

157 3098 240 3160 Dixit
273 3096 450 3157 Gennadius
480 3113 607 3172 prorsus
638 3114 673 3153 ex
709 3098 810 3155 mente
841 3095 962 3155 illorum
996 3093 1252 3172 philosophorum

159 3215 215 3271 art.
231 3209 331 3270 Villa
354 3212 369 3272 d
395 3216 474 3287 λόγος
497 3207 550 3272 soni
566 3215 638 3272 Θεοῦ
661 3212 735 3272 ἐστὶν
758 3210 889 3285 ἄπειρος,
913 3208 1004 3284 ὥσπερ
1022 3213 1069 3269 nal
1087 3210 1253 3277 &adricus

158 3324 289 3396 ἄπειρος,
308 3318 507 3391 contendens,
529 3291 611 3375 hunc
634 3324 717 3397 λόγον
739 3318 771 3375 et
791 3317 822 3373 in
845 3314 967 3374 Christo
990 3311 1145 3392 (homine)
1170 3332 1251 3385 esse,

158 3434 190 3490 et
211 3431 242 3487 in
265 3427 378 3487 mundo
403 3433 433 3486 at
456 3430 486 3488 in
509 3427 597 3493 coelo
621 3430 652 3486 ct
674 3427 704 3484 in
726 3425 792 3485 Deo
816 3428 904 3502 patre
922 3418 973 3505 ¹);
1004 3424 1118 3502 quippe
1141 3425 1193 3500 qui
1216 3442 1253 3482 ex

155 3567 387 3583 Μ

224 3644 255 3714 1)
272 3640 414 3712 Dlapntavi
433 3638 545 3694 deloco
563 3637 717 3710 llippolyti,
743 3655 820 3708 quiem
844 3637 1127 3691 internlemndrtnne
1145 3636 1252 3690 tlreolo·

155 3726 214 3795 gine
232 3727 314 3782 luisse
330 3735 453 3781 auctores
472 3725 692 3795 comprobaturus
711 3742 783 3779 eram
800 3725 826 3777 iu
843 3722 948 3798 dissert.
966 3723 1003 3777 de
1017 3722 1173 3796 Hippolyta
1188 3726 1252 3777 otta

157 3817 186 3865 et
203 3816 319 3884 scriptis
336 3821 403 3884 part.
420 3809 440 3864 l.
461 3814 538 3867 1839.
554 3828 581 3881 p·
598 3812 641 3867 85.

225 3897 253 3964 2)
271 3896 394 3952 Praestat
411 3896 490 3949 lectio
508 3891 539 3949 ts
556 3896 595 3968 τῷ
615 3895 674 3965 Θεῷ
699 3890 748 3948 sal
772 3888 875 3960 πατρὶ,
899 3909 977 3962 quam
1007 3893 1035 3946 lu
1068 3902 1171 3949 textum
1194 3910 1253 3949 uon

155 3981 293 4035 admisisse
315 3980 548 4046 excandens..
577 3995 646 4033 nuuc
667 3977 794 4050 poenitet
829 3974 918 4031 Habet
935 3977 1013 4032 etiam
1031 3976 1191 4048 scripturam
1209 3994 1254 4032 aa·

156 4085 227 4123 cram
245 4076 384 4138 patronam
411 4076 439 4122 et
459 4065 656 4130 attulliatricem.
691 4061 752 4121 Nec
776 4061 854 4116 facile
879 4059 933 4116 lsoc
956 4062 1019 4116 loco
1036 4061 1114 4117 Deus
1139 4072 1253 4135 apstre

134 4162 245 4223 'potest
262 4153 365 4206 secerni
390 4165 440 4206 nec
456 4149 507 4204 dici
525 4134 616 4219 Adros
634 4157 662 4205 et
676 4148 704 4203 ln
722 4146 784 4203 Deo
803 4162 866 4209 esse
888 4156 917 4203 et
939 4145 967 4203 lu
987 4156 1073 4219 patre.
1107 4143 1161 4204 cn.
1181 4144 1252 4203 Gon·

155 4238 220 4293 tess.
239 4237 322 4309 prima
339 4253 365 4308 p.
382 4238 407 4293 8.
