2596 4710
155 308 293 361 uxxvm
552 286 874 381 Prolegomena.

156 477 329 552 amplexos,
352 473 399 533 rel
424 470 450 533 si
473 474 622 550 quando,
645 492 699 534 eos
730 494 791 535 non
817 475 1007 534 Christianos
1037 476 1152 546 luisset
1182 484 1258 553 post

155 588 274 651 etin-si
295 585 429 660 cyrillus
451 604 509 644 nee
531 586 755 645 consessionem
784 604 874 643 suum
904 602 983 662 opus
1009 605 1078 647 esse
1101 604 1159 646 nes
1183 587 1256 665 ejus

155 697 328 757 doctrinam
359 714 392 755 se
421 712 558 772 unquam
587 696 720 773 probare
746 696 859 773 jurarit
889 701 921 757 et
942 699 1009 773 ipae
1030 696 1156 774 prublieo
1178 716 1257 758 eon·

154 808 250 869 naria
277 808 436 881 docuerit3
465 810 567 867 temen
597 808 694 883 ipsam
723 807 910 867 orientalem
943 807 1116 879 ecelesiam,
1138 814 1176 868 ut
1203 828 1255 871 res

155 922 241 979 extra
269 936 389 977 omnem
420 919 521 994 posita
544 920 626 977 esset
654 917 891 992 dubitationem,
922 919 967 976 uis
990 918 1116 993 synodis
1137 936 1255 979 eonio-

155 1032 234 1089 eatis
262 1029 312 1089 sel
342 1028 443 1101 illum,
473 1046 551 1103 quae
573 1028 645 1086 insit
666 1028 863 1103 confessioni,
886 1027 1057 1087 doctrinam
1077 1028 1128 1088 rel
1149 1030 1253 1107 ipsum

155 1139 304 1217 cyrillum
326 1138 448 1215 publiea
470 1138 672 1214 reprobasse3
705 1138 836 1215 denique
857 1144 1094 1215 proposuerunt
1114 1142 1174 1217 ipsi
1197 1160 1254 1219 pu-

155 1256 230 1327 tres,
246 1268 376 1325 quorum
392 1249 514 1309 nomine
529 1250 703 1311 Dosillreua
717 1250 809 1309 rerba
823 1248 908 1321 iecit,
923 1249 1162 1327 uoufhsaionem,
1173 1270 1254 1327 quae

155 1361 216 1421 illis
235 1358 407 1435 Cyrillianis
426 1358 563 1419 articulis
586 1378 603 1417 e
625 1361 779 1418 contrario
801 1358 1005 1436 responderet
1025 1356 1075 1439 (p.
1098 1360 1191 1439 338).
1207 1392 1254 1406 -

244 1470 292 1532 De
315 1472 363 1531 his
388 1468 516 1549 singulis
540 1488 602 1528 nou
625 1468 757 1529 alienum
780 1488 849 1529 esse
872 1473 959 1545 paulo,
981 1469 1128 1547 deinceps
1158 1488 1254 1551 expo-

156 1600 250 1655 nere,
278 1586 315 1641 ut
344 1580 436 1641 lacile
466 1580 504 1639 de
535 1582 571 1639 iis
598 1578 748 1655 juditium
778 1579 843 1638 sieri
874 1580 981 1655 possit.
1026 1582 1131 1641 Primo
1160 1584 1255 1663 igilur

155 1694 258 1770 eapite
288 1694 320 1751 id
350 1691 591 1750 demonstratum
622 1694 697 1750 eunt
724 1696 847 1768 patres,
880 1690 1027 1765 cyrillum
1061 1694 1254 1753 (treeoornm

155 1804 232 1863 nulli
256 1803 444 1862 hoereticum
466 1802 563 1863 risum
587 1802 700 1873 luisse,
730 1816 861 1876 eurrrque
891 1806 922 1861 et
944 1804 1067 1879 publice
1088 1806 1185 1863 rerba
1206 1804 1252 1863 ia-

156 1916 286 1973 aientem
310 1915 341 1970 et
362 1912 502 1987 privatim
533 1930 603 1970 cum
634 1912 758 1985 amieis,
787 1929 918 1987 quorum
950 1912 1036 1972 mulli
1067 1916 1252 1991 superstites

155 2024 257 2084 adhue
288 2025 409 2094 essent,
439 2022 665 2097 colloquentem
694 2027 781 2081 reeta
809 2036 931 2098 semper
960 2026 991 2083 et
1012 2025 1157 2098 antiquae
1180 2023 1251 2083 lidei

156 2150 294 2213 congrua
318 2132 483 2208 protulisse
511 2134 557 2207 (p.
582 2130 670 2209 340).
712 2132 829 2209 Neque,
852 2132 979 2207 addunt,
1003 2152 1168 2211 superesse
1191 2134 1251 2209 Gy-

155 2245 216 2303 rilli
238 2245 351 2303 librum
380 2243 461 2302 omni
492 2242 681 2301 dubitatione
710 2248 877 2314 exeuntum,
908 2262 969 2319 qao
993 2244 1068 2304 talla
1088 2243 1250 2321 protessus

155 2355 206 2415 sit.
248 2354 399 2448 Dubitaut
426 2352 520 2431 igitur
553 2348 651 2411 obiter
683 2358 768 2413 certe
801 2353 839 2413 de
873 2356 1077 2415 confessionis
1109 2356 1250 2429 veritato,

155 2464 250 2525 firmis
283 2464 469 2543 argumentis
504 2458 652 2523 destituti.
702 2464 744 2523 nt
776 2469 884 2523 contra
917 2466 1103 2541 depromunt
1136 2462 1250 2523 librum

154 2576 260 2651 Cyrilli
282 2593 374 2633 marru
397 2576 600 2650 exscriptum,
627 2576 866 2649 quadratianus
895 2594 1002 2636 sacrae
1032 2574 1250 2635 Constantium

155 2687 219 2763 poli
240 2687 362 2746 habitae
385 2688 592 2758 eontinentur,
621 2703 717 2761 exque
738 2684 808 2759 tros,
831 2689 986 2763 tamquam
1009 2686 1181 2745 certissimo
1202 2688 1266 2762 te,

155 2798 309 2871 stimouio,
331 2796 417 2856 loeor
442 2796 640 2872 interjiciunt,
660 2814 737 2871 quos
761 2798 889 2876 singulis
905 2798 1114 2857 confessionis
1136 2796 1251 2856 articus

151 2906 192 2968 lis
215 2910 387 2983 opponunt.
430 2902 563 2981 cyrillus
584 2908 678 2987 igitur
698 2927 790 2984 quum
814 2911 844 2967 in
867 2910 964 2984 primo
986 2906 1118 2967 articulo
1140 2907 1197 2983 Sp.
1217 2906 1248 2965 S.

154 3036 192 3077 es
219 3022 307 3093 patre
333 3036 395 3091 per
419 3016 518 3095 filium
547 3018 717 3093 procedere
747 3018 871 3081 dixisset
900 3014 947 3097 (p.
971 3014 1051 3097 2⁴03
1085 3020 1191 3095 putres
1213 3035 1248 3076 es

154 3128 274 3189 duabus
306 3126 437 3187 honiiliis
468 3129 640 3187 contrarios
671 3130 835 3206 proferunt
866 3128 971 3201 locos,
1004 3144 1134 3203 quorum
1167 3143 1248 3187 unus

154 3243 239 3299 certe
269 3259 335 3299 rem
363 3234 488 3296 confiuit
509 3236 557 3313 (p.
579 3234 677 3317 ule),
707 3239 786 3299 alter
809 3258 878 3299 euni
901 3240 955 3299 illa
977 3241 1121 3315 opinione
1143 3239 1248 3315 potest

154 3350 336 3411 eousoeiuri.
379 3348 486 3406 Altero
518 3347 647 3407 articulo
678 3344 724 3427 (p.
755 3348 812 3425 25)
844 3342 976 3423 Cyrillus
1007 3348 1176 3409 detruxisse
1203 3348 1248 3407 ri·

153 3462 285 3523 debatur
306 3460 344 3517 de
365 3458 538 3519 traditionis
562 3464 593 3520 et
615 3458 764 3521 eeclesiae
787 3459 981 3533 auctoritate,
1008 3458 1179 3535 praecipuo
1200 3458 1247 3515 ia·

154 3570 382 3649 terpretetionis
411 3588 491 3627 saer.
522 3588 582 3627 ser.
611 3568 715 3629 lrabito
749 3574 904 3647 respectu.
947 3570 1004 3629 Cui
1034 3568 1250 3645 opposuerunt

153 3688 258 3761 patres
280 3681 385 3759 plures
415 3680 606 3739 honrilinrum
628 3678 707 3753 loci,
730 3699 858 3757 quorum
882 3682 907 3740 is
930 3683 1032 3754 uerte,
1056 3680 1108 3755 qui
1132 3696 1163 3755 p.
1184 3674 1248 3739 did

150 3797 269 3867 exstat,
300 3790 414 3867 aliquid
442 3789 545 3849 tulere
574 3792 719 3866 opineris.
763 3791 878 3851 Contra
907 3792 1031 3851 tertium
1061 3790 1165 3863 arlia,
1195 3788 1249 3865 qui

153 3908 201 3963 est
232 3903 271 3963 de
303 3902 444 3966 absoluta
477 3900 774 3978 praedestinatione,
807 3904 938 3979 primum
973 3902 1104 3977 aliquam
1139 3899 1248 3975 cyrilli

151 4014 306 4075 homilium
330 4013 569 4092 producentia
592 4022 745 4086 quatere
775 4012 858 4073 illius
880 4011 1030 4093 dogmatis
1054 4012 1250 4071 seueritatem

152 4126 254 4187 diviua
283 4126 504 4203 praescientia,
538 4122 621 4183 uude
653 4122 788 4197 pendere
818 4122 893 4183 diait
925 4120 1250 4201 praedestinationem,

151 4235 282 4296 lenierat
303 4254 333 4312 p.
357 4211 543 4307 347,⁸aliam
566 4232 676 4293 deiude
698 4252 730 4311 p·
752 4232 834 4308 ³48,
863 4237 894 4295 in
923 4254 985 4310 qun
1005 4234 1107 4294 Deum
1129 4230 1250 4310 quaeli-
