2596 4710
92 224 160 322 v'rrr
195 228 198 233 ¹
481 204 802 367 Pralzt'gomena·

95 424 181 512 apdd
211 450 282 493 aum
308 431 448 497 minens.
491 433 582 511 Quod
611 435 691 496 enlm
721 433 769 494 iix
797 433 864 495 lieri
893 450 986 512 posse
1014 432 1186 506 videbatur,

41 544 44 550 '
96 546 143 620 ut,
165 543 286 619 Pnrclt,
307 527 399 624 genta
419 522 545 605 horrida
565 556 611 604 ac·
624 545 707 618 iera,
729 546 836 605 urbem
858 545 1050 617 tenentibus,
1073 543 1187 602 Graeci

53 638 59 647 ⁸
96 656 226 734 possent
245 655 327 719 intra
344 653 453 729 eadem
482 657 602 715 moenia
630 656 794 732 tranquille
824 655 953 735 degere3
987 654 1017 712 id
1046 654 1187 736 Patriar-

98 758 175 825 chae
196 782 256 842 ope
290 767 322 826 e't
348 765 467 826 liberali
494 766 565 826 fidei
593 766 703 826 Christ.
735 769 921 844 expositione
952 766 1094 825 effectum
1128 766 1187 822 est.

96 873 254 937 Habemus
275 893 348 937 vero
376 877 470 954 hujus
495 876 572 955 fidei
593 874 800 955 consessionis
824 874 977 955 duplicem
1002 874 1188 944 editionem:

98 1001 211 1061 unam,
244 985 395 1068 dialogice
422 988 520 1047 forma
550 989 771 1067 conscriptam,
801 986 927 1047 alteram
950 988 1095 1046 continua
1118 1004 1190 1043 ora-

99 1096 201 1170 tione,
230 1104 310 1175 quae
338 1100 387 1159 est
416 1100 531 1176 primae
560 1098 641 1159 illlus
669 1099 855 1160 retractatio.
899 1097 1112 1156 induciturin
1136 1095 1189 1154 illa

8 1282 11 1287 Ι
97 1190 328 1293 lluhammedes
357 1208 394 1269 de
426 1210 561 1269 articulis
591 1191 774 1270 christianae
796 1207 885 1281 fidei,
908 1226 985 1283 quos
1008 1226 1082 1288 saue
1107 1207 1189 1266 lama

101 1319 193 1392 atque
215 1316 370 1380 auditione
391 1323 535 1398 potuerat
557 1323 706 1399 accipere,
728 1302 1136 1399 interrogans,'Geunadius
1161 1319 1189 1376 ai

100 1415 301 1505 respondeus.
344 1430 435 1491 Hanc
455 1432 554 1508 primo
570 1430 751 1490 Patriarcha
771 1430 891 1489 videtur
911 1430 1006 1489 literis
1027 1430 1191 1508 consigna-

100 1538 189 1598 visse.
232 1538 309 1600 Post
330 1559 420 1619 vcro,
447 1559 540 1618 quum
563 1533 1070 1618 imperator‘eamjprolessionom
1091 1516 1190 1598 literis

100 1647 238 1709 mandari
260 1644 377 1728 sffiiqu'e
399 1652 479 1712 tradi
501 1649 611 1724 vellet,
632 1651 826 1725 retractavit,
860 1631 993 1711 elimavit
1014 1653 1045 1709 et
1067 1648 1191 1708 absolu·

101 1746 210 1820 iiorem
238 1760 394 1821 reddendo
421 1761 504 1822 hauc
535 1760 662 1821 alteram
693 1760 852 1840 evulgasse
878 1762 1017 1828 videtum·
1050 1759 1191 1849 Utraque

100 1884 173 1930 vero
194 1871 255 1931 hoc
277 1872 369 1931 habet
390 1889 568 1944 commune,
599 1871 682 1947 qnod
712 1878 848 1930 veterem
863 1874 983 1958 'tractat
1004 1872 1191 1949 theologiam

100 1980 172 2039 ie.
206 1980 267 2039 duo
297 1980 351 2039 illa
381 1980 542 2060 dogmata,
572 1980 603 2040 in
635 1999 765 2057 quorum
794 1983 1038 2058 perscrutatione
1069 1970 1191 2041 veteres

1 2122 2 2133 κ
99 2080 267 2166 praecipue
286 2091 398 2150 versati
420 2094 501 2164 suut,
523 2091 562 2150 de
585 2092 644 2154 deo
664 2092 795 2175 ejusque
816 2100 932 2155 armam
953 2095 985 2152 et
1006 2093 1046 2152 de
1068 2091 1193 2151 Citriato

101 2198 231 2277 ejusque
265 2190 444 2263 sublimiore
473 2209 598 2262 naturus
644 2203 758 2269 Cetera
782 2202 904 2278 quidem
931 2203 1078 2284 dogmata
1108 2200 1193 2279 quod

103 2311 239 2369 omiserit
260 2317 386 2386 auctor,
409 2284 536 2373 multum
560 2315 667 2373 absum
690 2315 762 2389 quin
788 2313 967 2388 vituperem.
1013 2314 1087 2391 Quis
1112 2314 1193 2370 enirn

103 2424 160 2493 est,
185 2422 236 2497 qui
259 2424 417 2496 nesciat,⁸
409 2443 440 2481 m
463 2423 522 2481 illis
540 2422 664 2482 duobus
687 2426 761 2484 tunc
783 2425 929 2499 temporis
950 2423 1195 2482 Christianorum

103 2533 323 2609 proprietatem
345 2535 542 2610 conspicuam
564 2533 696 2592 habitam
719 2530 838 2595 suissed
880 2532 971 2593 Nullo
991 2528 1084 2612 igitur
1100 2511 1195 2609 pacto

105 2641 303 2733 Patriarepae
327 2662 407 2721 opus¹
426 2645 502 2716 luit,
524 2647 628 2704 cetera
651 2642 810 2725 dogmata,
832 2643 925 2733 vetuti
944 2663 1008 2727 ea,
1022 2643 1059 2702 de
1082 2645 1193 2719 quihus

104 2752 216 2813 Graeci
239 2772 257 2815 a
277 2755 424 2814 Romanis
448 2755 673 2830 dissenserunt,
708 2756 877 2834 attingere..
921 2754 1001 2813 Satis
1032 2755 1109 2827 luit,
1141 2754 1196 2814 illa

105 2862 165 2922 duo
187 2864 230 2924 ita
252 2865 427 2939 absolvere,
460 2868 495 2924 ut
519 2866 688 2924 Turcarum
710 2865 841 2941 principi
863 2867 920 2923 etsi
945 2883 1006 2929 non
1029 2864 1123 2942 plena
1145 2884 1197 2924 as-

106 2976 225 3048 sensio,
256 2980 338 3035 certe
362 2975 460 3035 lenius
478 2974 628 3053 judicium
651 2973 873 3051 mediocrisquo
901 2977 1073 3037 reverentia
1094 2978 1197 3052 expri-

105 3088 249 3145 meretur.
294 3085 330 3143 Id
353 3086 435 3161 quod
457 3073 549 3144 talem
573 3084 678 3144 habuit
700 3088 851 3159 eventum,
872 3089 909 3144 ut
929 3088 1053 3163 saepius
1071 3065 1204 3144 Genua--

107 3195 175 3255 dius
197 3197 236 3255 ad
257 3198 470 3275 imperatorem
494 3199 620 3276 vocatus
643 3214 729 3273 essa,
756 3199 852 3272 utque
876 3198 943 3273 ipse
964 3194 1196 3255 Muhammedee

107 3304 145 3366 de
166 3325 222 3365 sua
244 3306 391 3386 religione
423 3305 647 3366 addubitavisse
678 3305 842 3367 diceretur.
885 3308 930 3367 Ex
958 3325 1018 3383 quo
1049 3305 1080 3362 id
1112 3309 1197 3364 certe

109 3415 258 3491 efficitur,
291 3436 360 3476 eum
382 3416 586 3476 liberaliorem
618 3435 655 3476 ac
677 3407 826 3493 mitiorem
850 3419 1002 3493 rebusque
1032 3415 1139 3474 divinis
1166 3418 1198 3474 et

109 3527 267 3606 audiendis
283 3506 314 3588 et
327 3526 532 3610 percipiendis
548 3529 697 3605 aptiorem
711 3529 816 3612 luisse,
834 3546 924 3604 quam
940 3526 1032 3606 vulgo
1050 3526 1198 3585 creditur.

194 3639 320 3716 Spirant
341 3656 413 3697 voro
435 3637 505 3698 illae
537 3638 765 3712 confessiones,
783 3642 829 3698 'et
862 3657 880 3699 a
912 3618 1095 3698 liberalitate
1126 3646 1158 3695 et
1181 3656 1202 3696 a

109 3747 247 3809 doctrina
270 3751 377 3810 merito
402 3720 646 3825 laudatissimae,
675 3749 867 3810 Platonicam
896 3749 934 3808 de
965 3749 1114 3829 dogmatis
1137 3747 1201 3806 illis

109 3858 263 3937 palmariis
286 3858 436 3921 sentiendi
467 3860 626 3926 rationem.
670 3860 776 3939 Viguit
806 3860 886 3919 enim
922 3858 1098 3919 adhucillo
1122 3859 1204 3917 tenr-

108 3988 185 4048 pore
213 3969 352 4029 Platonis
384 3969 537 4044 studium,
576 3970 625 4029 cui
659 3971 765 4047 optimi
785 3970 908 4048 quique
939 3989 1008 4030 sese
1039 3967 1202 4055 dederuut.

109 4080 187 4141 Sed
203 4059 422 4141 exstiterunt
408 4101 473 4158 Jam
502 4080 676 4140 Aristotelis
711 4082 817 4155 amici,
848 4083 899 4157 qui
931 4099 1000 4139 cunr
1030 4050 1202 4139 Platonicis

108 4196 306 4266 concertare,
337 4211 442 4251 eorum
464 4193 608 4271 magistre
631 4190 763 4268 palmam
786 4192 905 4268 eripere
931 4207 1060 4267 eamque
1080 4190 1204 4250 Aristo-
