2596 4710
447 321 768 415 Prolegomona.
1035 346 1159 395 curn

69 504 303 568 Bethleemitico
331 510 510 583 nuncupata
530 512 587 567 est.
630 506 695 585 Ipsi
725 508 805 565 eninr
829 512 934 584 patres
956 527 990 567 so
1011 508 1159 571 Hieroso-

69 618 155 693 lymis
185 637 256 679 esse
288 616 390 695 palam
422 617 554 695 proiessl
582 622 657 677 sunt
685 636 717 695 p.
746 614 826 689 425,
856 614 938 691 43⁰,
961 615 1047 695 Ι481,
1076 618 1159 698 ⁴⁸⁵;

67 728 230 789 Bethleem
250 744 324 789 vero
354 728 568 808 significabant
594 732 749 808 tamquam
770 726 952 806 oppidulum
972 730 1119 789 remotius
1140 749 1160 788 s

67 858 100 899 se
122 842 218 899 situm
239 858 271 915 p.
295 836 367 898 too.

154 949 342 1010 Calainistae
370 966 445 1009 vero
474 966 568 1022 quom
598 948 737 1009 acerrimi
765 948 871 1008 hostes
898 948 1103 1021 haberentur;
1132 950 1159 1009 is

68 1062 199 1121 maxime
228 1061 288 1119 tuit
317 1058 546 1138 profligandos,
572 1062 624 1137 qui
647 1060 767 1119 illorum
792 1058 935 1139 dogmata
955 1060 987 1119 in
1010 1058 1160 1119 Graecum

68 1170 233 1229 ecelesiam
262 1170 358 1230 roloit
386 1170 538 1246 quondam
568 1169 731 1243 inducere,
762 1168 800 1229 sd
822 1170 912 1247 cujus
934 1169 1161 1231 contessionem

68 1280 182 1340 Gallici
206 1281 376 1342 Retornrati
399 1280 614 1357 provocabant,
641 1300 735 1357 quum
757 1278 894 1341 Graecos
917 1282 1024 1342 eadem
1046 1282 1161 1343 senbro
1225 1315 1232 1343 ι

69 1391 289 1451 declamarent.
333 1390 465 1465 cyrillus
496 1392 590 1468 igitur
615 1390 763 1465 Luceria,
793 1392 845 1467 qui
868 1391 961 1467 hujus
983 1396 1161 1453 controver-

68 1503 131 1562 siae
163 1502 350 1580 praebuerat
378 1520 483 1560 ansam
506 1505 540 1560 ct
566 1500 657 1579 cujus
685 1504 788 1562 studio
810 1504 891 1563 intro
917 1504 1002 1581 ipsos
1023 1502 1161 1563 Graecos

71 1613 173 1674 adbuc
204 1613 325 1687 reliqua
354 1612 413 1670 suit
441 1612 553 1685 tactio,
585 1630 693 1671 rursus
724 1618 791 1673 crat
819 1614 1045 1692 impugnandos
1075 1615 1107 1672 et
1134 1612 1160 1670 si

71 1724 136 1785 fieri
166 1726 266 1801 possit
295 1724 418 1800 pronitus
450 1721 698 1800 exstinguendus.
746 1722 784 1782 Io
813 1739 876 1801 qua
904 1742 939 1782 re
969 1719 1162 1781 conficienda

71 1838 176 1911 patres
207 1852 269 1893 non
300 1833 366 1892 tine
396 1831 592 1907 dexteritate,
623 1851 734 1913 magna
764 1851 838 1893 vero
866 1852 937 1893 cum
958 1834 987 1891 ui
1009 1834 1041 1891 et
1062 1832 1162 1913 gravi·

71 1948 135 2004 tote
163 1945 208 2003 ita
235 1945 348 2003 versati
378 1946 458 2002 sunt.
505 1941 750 2018 Gorrtendentes,
780 1943 961 2003 Calvioistas
990 1942 1162 2003 haereticos

69 2054 153 2115 baud
183 2055 327 2133 ignorare
356 2052 555 2115 Orientalium
583 2054 759 2134 dogmatum
787 2054 1041 2132 discrepantiam,
1070 2071 1162 2131 quom

70 2184 146 2225 cero
162 2164 366 2237 dissimulent,
381 2166 522 2250 necatas
543 2165 711 2241 quamlibet
731 2166 894 2225 ecclesiam
916 2166 936 2223 i.
959 2184 995 2240 e.,
1018 2184 1057 2223 ne
1074 2164 1163 2223 Chri-

72 2278 191 2335 stianos
222 2274 344 2351 quidem
374 2292 428 2333 eos
457 2292 543 2347 esse,
566 2276 665 2350 possit
695 2278 833 2338 convinci
862 2272 910 2355 (p.
941 2272 1038 2349 330),
1069 2293 1164 2351 quum

72 2390 114 2449 ab
136 2386 270 2447 ecclesio
290 2385 442 2444 catholica
463 2384 577 2461 injuste
597 2388 791 2461 recesserint,
813 2406 876 2447 non
896 2404 969 2447 uero
990 2388 1021 2444 in
1044 2385 1164 2444 cunctis

73 2517 145 2557 cunr
175 2496 305 2557 Graecis
335 2496 529 2555 consentiant
557 2492 611 2571 (p.
640 2492 743 2572 331),
773 2497 843 2555 illos
872 2498 1005 2557 scientes
1028 2514 1065 2557 ac
1087 2513 1164 2573 pru-

71 2610 200 2680 dentes,
230 2624 324 2683 quum
355 2627 391 2666 eu
419 2606 590 2680 Jercmiue,
618 2604 748 2665 loannis
768 2606 980 2679 balneandis,
1011 2606 1163 2665 Gabrielis

71 2720 190 2780 severii
220 2717 357 2777 lloreani
379 2716 577 2792 aliorumque·
597 2718 719 2793 scriptis
748 2715 796 2793 (p.
825 2718 898 2777 335.
921 2720 953 2777 et
975 2716 1065 2792 483.)
1096 2736 1165 2777 cer-

72 2832 153 2889 tiora
176 2827 216 2886 de
238 2828 428 2887 Graecorum
451 2827 510 2887 tide
532 2827 705 2903 potuissent
733 2830 920 2904 comperire,
942 2831 974 2887 et
994 2828 1062 2904 ipsa
1083 2826 1166 2885 Con-

74 2940 169 2999 fessio
194 2938 391 3011 Ortbodoxa,
407 2956 498 3013 quarn
528 2940 671 2996 univorsa
700 2939 857 3017 agnoverit
885 2936 1007 2999 Graeca
1035 2932 1167 2997 ecclesio

72 3050 88 3121 <
92 3070 122 3126 p.
145 3044 249 3128 aum),
270 3066 343 3107 scra
372 3051 404 3107 et
426 3050 546 3109 sincero
567 3048 766 3108 Orientalium
796 3048 911 3125 placito
931 3048 1090 3125 proposita
1110 3046 1167 3107 ho·

74 3162 157 3234 beat,
180 3158 346 3218 falsissima
367 3158 584 3239 excogitatisse
615 3162 855 3235 conqueruntur.
900 3160 986 3237 Quae
1008 3176 1102 3235 quum
1123 3159 1167 3217 its

74 3273 154 3345 sint,
183 3290 236 3329 sex
265 3270 351 3329 locos
381 3272 438 3328 sibi
467 3272 593 3328 sumunt
618 3274 723 3348 patres
753 3269 959 3347 explanandos
981 3287 1018 3329 ac
1040 3269 1166 3329 demon-

75 3380 232 3455 stnodos,
248 3381 360 3455 quibus
376 3379 629 3454 aduersariorum,
649 3380 866 3457 simpliciorum
888 3384 1005 3440 mentes
1029 3396 1167 3439 corrum-

74 3510 151 3569 pere
173 3491 342 3551 volentium
361 3488 408 3567 (p.
432 3489 522 3565 337),
544 3490 795 3582 impudentiaab
816 3492 913 3569 stirpe
934 3490 1001 3551 tolli
1032 3486 1168 3547 confido·

76 3608 154 3661 root.
191 3602 252 3660 Sex
275 3600 436 3677 capitibus,
459 3601 569 3675 quibus
591 3604 734 3661 constant
756 3602 863 3675 synodi
885 3604 964 3672 acto,
984 3600 1062 3659 baec
1083 3616 1166 3656 com-

78 3713 267 3788 probantur:
299 3712 428 3789 primuni
455 3712 601 3787 cyrillum
624 3730 781 3787 nunquam
802 3713 842 3773 od
863 3712 1097 3771 calvinistarum
1117 3728 1169 3769 ra-

80 3823 193 3882 tionem
225 3822 264 3881 de
293 3824 388 3881 rebus
420 3822 525 3880 divinis
558 3823 606 3882 rel
641 3824 792 3901 cogitasse
824 3821 873 3881 rel
910 3818 1035 3898 publice
1066 3822 1170 3896 priua-

77 3934 194 4009 timque
229 3932 340 3991 dixisse
373 3951 409 3990 ac
450 3934 632 4011 scripsisse3
669 3933 797 4002 deinde,
818 3938 853 3991 ut
875 3932 968 3991 luerit
1000 3930 1169 3989 contessio-

74 4045 125 4105 nis
154 4048 282 4118 auctor,
314 4042 413 4118 hanc,
447 4060 509 4101 non
540 4042 671 4120 publicis
705 4042 895 4102 documentis
928 4043 1169 4119 comprobatam,

73 4153 193 4214 nouam
216 4154 326 4212 mereri
349 4152 459 4227 tidem3
480 4154 546 4213 turn
568 4172 635 4213 oum
659 4172 719 4211 non
741 4171 799 4230 pro
820 4154 994 4213 orientalis
1015 4152 1170 4212 ecclesius

75 4263 151 4326 odei
172 4264 360 4342 expositione
382 4262 572 4341 habendam
588 4280 694 4341 -porro
724 4282 791 4322 earn
818 4280 973 4337 nunquam
997 4260 1170 4321 orientales
