2596 4710
88 54 113 97 Q

127 281 173 326 xn
399 229 404 242 ’
509 250 833 347 Prolcgomcna
921 318 925 327 ,

132 443 223 516 seha,
254 441 418 500 Vlnlratum
439 439 580 512 iunctus,
610 439 819 520 strangulatus
841 440 965 499 merltas
989 437 1126 498 dedisset
1149 459 1221 516 poe⁴

133 568 198 612 nas.
242 550 294 609 Sic
324 548 415 609 rediit
444 549 483 609 ad
512 568 601 610 suurn
632 569 742 610 munus
764 550 917 626 cyntius,
950 551 981 608 in
1012 569 1072 626 quo
1096 550 1222 610 admini-

132 659 257 722 strando
287 662 477 720 sustentatus
507 662 707 735 alturnam,
740 661 871 741 Anglico
900 660 1022 741 legato,
1054 660 1224 738 paullisper

131 791 208 850 pace
237 790 312 832 usus
342 769 446 850 est1).
496 773 620 850 Quanta
653 789 726 832 nero
762 771 868 832 clades
906 771 1055 832 ecelesiae
1086 772 1225 832 Grascm

133 883 252 943 nutanti
272 882 370 942 turbis
392 882 532 961 repetitis
555 880 670 943 afflicta
690 883 741 956 sit,
760 882 808 942 rix
829 881 889 942 diei
905 885 1017 959 potest.
1059 881 1129 942 lion
1146 883 1225 943 onim

134 993 233 1054 solnm
263 993 331 1070 ejus
360 990 520 1053 infirmitas
549 993 659 1054 Turcis
688 995 720 1053 ln
750 993 816 1054 dies
843 995 939 1073 magis
971 994 1133 1070 apparuit;
1164 1011 1224 1052 non

134 1104 232 1164 solum
250 1104 388 1164 Jesuitaa
411 1123 448 1164 ac
463 1103 568 1182 Papae
590 1104 748 1181 satellites,
770 1106 907 1164 veterum
920 1105 1130 1164 Romanorum
1153 1121 1225 1163 con-

134 1215 276 1275 stantiam
307 1213 468 1288 aemulati,
502 1217 741 1276 machinationes
773 1222 893 1275 struere
930 1213 1012 1274 haud
1049 1214 1223 1286 desierunt3

135 1325 302 1386 sedetiam
324 1323 437 1386 Graeci
467 1327 526 1404 ipsi
555 1327 725 1386 incredibili
755 1327 887 1404 pecunia
918 1325 1114 1385 Patriarohaa
1146 1312 1224 1384 redi-

133 1435 245 1495 mendo
273 1453 444 1516 magnaque
473 1416 599 1515 insuper
627 1438 743 1503 tributa
771 1434 917 1495 solvendo
947 1434 986 1494 nd
1009 1437 1224 1514 paupertatem

134 1547 200 1605 iore
220 1545 338 1606 redacti
361 1549 432 1605 snnt
447 1541 490 1627 ⁹).
541 1564 551 1583 ·'

220 1658 273 1717 Vir
296 1659 375 1716 enim
407 1659 483 1717 istae
513 1657 582 1717 lites
604 1675 800 1735 compressae
822 1659 914 1732 atque
936 1659 1123 1717 constrictae
1145 1656 1250 1737 ride·¹

135 1769 247 1828 bantur
264 1785 342 1841 esse,
365 1785 458 1844 quum
481 1786 562 1827 auno
583 1765 673 1827 1623.
689 1770 814 1828 ineunte
831 1767 914 1828 venit
931 1767 1031 1826 Roma
1048 1769 1225 1840 monachus,

134 1879 245 1938 missus
268 1898 304 1938 ex
325 1876 474 1956 collegio,
505 1876 587 1952 qnod
619 1882 666 1936 ast
687 1877 725 1937 do
747 1876 948 1957 propaganda
969 1877 1040 1937 lide.
1084 1877 1227 1936 Promisit

134 1987 336 2064 imperialium
359 1987 464 2065 viginti
486 1987 585 2060 milia,
609 1987 772 2047 dummodo
796 1987 930 2062 cyrillus
954 1989 1064 2047 iterum
1088 1990 1152 2047 sire
1176 2006 1228 2064 per

135 2099 194 2156 rim
217 2099 280 2156 sire
309 2113 365 2172 per
395 2096 600 2157 clandestinas
630 2101 711 2156 artes
742 2101 849 2174 posset
879 2099 1038 2158 removeri.
1081 2097 1226 2159 Neutrum

136 2208 287 2267 successit
308 2210 361 2265 aut
389 2211 518 2285 propter
539 2209 701 2285 pecuniam
723 2207 916 2270 deiicientem
942 2212 996 2269 aut
1017 2212 1148 2285 propter
1170 2209 1227 2283 Cy-

136 2315 196 2377 rllli
216 2314 419 2393 prudentiam.
464 2319 672 2389 Accesserant
699 2336 772 2378 roro
793 2337 890 2379 mens.
914 2319 1003 2380 Febr.
1034 2321 1108 2378 anni
1134 2318 1226 2379 tots.

137 2427 199 2488 duo
217 2445 252 2486 ex
266 2425 453 2487 Jesuitarnm
468 2428 539 2488 nido
559 2429 702 2509 delegati,
718 2431 861 2491 Berillus
877 2441 908 2488 et
923 2429 1100 2490 Canuccbio
1120 2431 1227 2504 Rosci,

139 2555 267 2615 qnorum
290 2536 341 2597 ille
363 2537 573 2601 Patriaroham
596 2540 741 2608 inducere
763 2540 880 2621 uoluit,
908 2540 944 2599 ut
972 2557 1042 2605 cum
1064 2539 1227 2602 Caussacis

136 2678 367 2700 m

127 2783 193 2819 ‘rem
212 2775 361 2837 opportune
379 2770 496 2838 aperult:
523 2766 595 2828 Quid
620 2779 707 2824 autem
726 2768 957 2839 constantinopoli
981 2766 1085 2837 egeris,
1105 2763 1165 2835 jam
1183 2767 1228 2836 pri·

140 2852 200 2906 dein
218 2852 348 2923 plaudens
372 2853 494 2908 laudibus
519 2856 622 2925 pietatis
647 2865 708 2910 tuae
725 2855 846 2910 llomanu
862 2853 976 2908 ecclesia
996 2851 1105 2905 audivit
1142 2849 1230 2905 lilirtm

139 2936 209 2996 illum
227 2938 395 2993 tenebrarum
413 2951 441 2994 et
457 2940 551 2999 interni
577 2941 703 2998 athletam
722 2943 820 3000 scientis
837 2957 906 3011 equae
929 2939 1093 2992 calamitates
1113 2937 1229 3009 percule·

122 3024 200 3087 rint,
218 3034 398 3094 querentiumque
414 3023 518 3079 haeresi
535 3027 630 3081 vulnus
649 3024 775 3085 inllictum
793 3027 837 3090 sit,
856 3025 917 3079 dum
934 3022 1113 3079 venerabilem
1132 3033 1231 3095 patrem

140 3108 273 3161 Antlmurn
287 3109 329 3162 isti
347 3108 476 3163 ecclesiae
493 3109 603 3181 praefici
619 3113 715 3167 curasti
732 3122 784 3167 etc.

210 3205 237 3266 l)
256 3200 365 3256 [lelituit
381 3202 521 3257 Anthianus
538 3205 607 3259 luter
623 3204 789 3272 monachos,
807 3215 941 3273 montem,
969 3205 1010 3260 cul
1029 3217 1128 3256 nomen
1148 3200 1233 3257 Artos

139 3294 198 3348 est,
224 3285 391 3354 habitantes,
418 3305 531 3358 quorum
555 3293 719 3347 muotitatem
745 3291 890 3346 celebravit
906 3288 1074 3345 limaeam
1091 3287 1108 3340 l.
1126 3288 1145 3340 l.
1164 3292 1232 3354 417„

140 3372 311 3440 ignorantiam
341 3382 367 3426 at
391 3373 508 3427 insulsos
533 3391 622 3430 mores
646 3378 797 3447 perstrinxit
821 3375 932 3447 Aymon
955 3374 1008 3428 hl.
1035 3390 1064 3446 p.
1081 3377 1144 3430 467.
1179 3371 1232 3427 cn.

140 3452 256 3511 Maralt
272 3455 404 3512 Laxidion
421 3457 471 3514 der
488 3462 615 3530 murgent-
632 3460 741 3516 Klrche.
760 3464 836 3519 1838.
856 3478 878 3514 s.
896 3476 921 3514 v.
939 3458 1038 3522 Athos.

207 3550 237 3618 2)
257 3549 354 3607 Scribit
371 3548 520 3613 haedere
540 3550 752 3627 chrysocollae,
775 3570 887 3625 magnae
904 3552 1002 3612 eccles.
1019 3550 1185 3624 Lugotheta,
1202 3552 1236 3606 ad

54 3616 56 3620 ⁵
140 3631 239 3693 David.
256 3637 292 3692 de
309 3636 437 3697 Wlllrslm
463 3637 592 3709 (Lettres
615 3655 644 3714 p.
660 3640 751 3710 209):
777 3638 834 3694 Sed
861 3639 929 3694 haec
954 3638 1091 3692 contentio
1118 3639 1239 3700 constitit

144 3723 280 3791 sexaginta
297 3723 367 3778 maile
385 3722 516 3786 dalleri'n,
545 3739 614 3792 quos
639 3724 725 3778 usuris
742 3724 862 3779 maximis
880 3723 914 3778 ad
932 3732 1075 3778 eruemaru
1094 3722 1178 3779 terme
1196 3735 1238 3782 to·

142 3806 193 3858 tius
210 3808 340 3862 ecclesiae
356 3808 456 3863 ruinam
474 3807 569 3869 Graeci
587 3819 678 3872 mutuo
693 3827 821 3871 sumsere.
855 3807 916 3867 Noc
931 3825 1045 3885 uuquam
1061 3809 1151 3873 eluant
1169 3810 1239 3866 hanc

140 3889 266 3945 inuidiam
287 3892 407 3948 Jesnitue
428 3901 455 3946 et
481 3891 569 3947 tanton
584 3894 703 3966 ipsorum
730 3895 839 3962 Gallus,
870 3895 944 3966 quod
970 3892 1071 3949 'lurcos
1100 3896 1240 3953 docuerint

142 3975 216 4029 hisce
241 3975 455 4031 altercationibus
478 3995 560 4048 [nosse
582 3979 702 4049 ingentes
728 3997 846 4044 nunninus
868 3982 1019 4049 extorqueri
1045 4001 1062 4036 a
1078 3982 1238 4046 christianis,

143 4062 187 4130 qni
206 4063 278 4132 [rrius
296 4080 428 4134 pauperes
444 4062 567 4117 monachi
580 4065 738 4119 audiebant:
756 4066 828 4136 qtmd
843 4065 949 4135 quidam
966 4081 1097 4134 nunquam
1118 4069 1240 4123 dedisce·

144 4158 184 4199 tin
208 4158 234 4200 et
257 4147 397 4218 aliquando
416 4149 507 4201 sedem
534 4150 616 4218 ipsam
633 4148 840 4206 patriarchalem
867 4151 1056 4222 pmsunrdahit.
1093 4151 1134 4208 En
1153 4156 1241 4209 uelum

141 4233 275 4301 religionis
296 4245 321 4288 et
340 4243 442 4303 patrum
458 4235 609 4288 cantantem!
818 4230 821 4236 ’
