2596 4710
102 304 151 375 10
366 305 573 376 Gennadii
607 302 856 375 Confessio.
884 304 911 372 t.
1006 309 1009 315 “

99 506 184 575 qnae
204 492 280 549 aunt
300 483 332 550 in
360 483 421 572 eia,
450 492 485 550 et
516 483 639 551 creavit
664 482 825 548 homiuem
854 491 887 548 et
917 481 1027 570 poauit
1047 503 1122 547 eum
1145 481 1176 547 in

97 592 205 660 medio
227 591 381 681 paradisi,
408 593 565 658 ordinavit
594 614 668 657 eum
696 593 856 678 imperare
878 592 1024 657 omuibua
1046 593 1177 673 creetis,

95 712 132 770 ct
152 703 297 795 habitare
318 703 350 768 in
378 701 531 791 paradiso
560 710 721 790 tamquam
740 702 842 767 Deua.
883 700 1081 788 Adspiciena
1103 724 1176 767 eum

97 808 245 881 diabolus
265 811 377 879 inridit
396 811 544 902 dignitati
565 811 702 877 hominia
724 810 948 900 conarduitque
965 812 1096 895 homiui,
1113 835 1176 878 non

97 923 262 1012 parere1)
285 920 442 987 mandntia
464 921 536 987 Dei.
578 921 687 986 Homo
717 930 823 986 eutem
856 944 955 1009 quum
975 932 1067 987 canet
1087 923 1176 988 inex-

96 1043 209 1121 pertus
230 1030 397 1119 pravitatis
419 1030 547 1115 diaboli,
569 1030 676 1116 paruit
695 1031 832 1097 consilio
855 1028 991 1115 diaboli,
1012 1055 1077 1098 non
1099 1033 1177 1098 obe·

96 1141 188 1209 diens
209 1143 294 1225 Deo,
315 1149 349 1206 et
375 1148 451 1207 tuuc
474 1141 600 1228 occepit
625 1150 764 1208 mortem
793 1141 891 1207 homo
920 1142 1058 1228 peccati,
1079 1164 1176 1228 quum

98 1274 211 1319 omnes
234 1251 288 1339 qui
309 1252 350 1318 ab
372 1250 502 1317 homine
524 1250 579 1316 illo
601 1261 676 1317 aunt
696 1252 773 1333 uati,
795 1252 870 1339 quia
886 1259 1086 1338 acceperunt
1101 1273 1176 1339 pec-

96 1371 238 1429 catuma
256 1360 455 1449 parentibus,
476 1369 510 1426 et
528 1362 680 1428 tenebant
691 1361 774 1428 hanc
792 1371 930 1427 mortem
942 1369 975 1426 et
991 1359 1177 1427 dominaba-

95 1481 148 1538 tur
177 1473 209 1538 in
241 1472 289 1538 eia
316 1480 497 1560 peccatum.
546 1472 591 1538 Et
622 1479 758 1559 propter
786 1471 946 1537 hominem
975 1470 1063 1561 misit
1083 1471 1174 1536 Deua

95 1581 292 1670 Prophetae,
314 1580 469 1648 doctores
489 1581 523 1648 in
545 1571 710 1661 muudum,¹
730 1562 768 1646 ut
788 1581 943 1667 docerent
962 1579 1122 1660 hominem
1142 1591 1177 1646 ut

95 1714 116 1759 a
137 1698 274 1779 peccato
294 1701 568 1760 converterentur.
611 1690 685 1757 Nou
704 1698 878 1780 potuerunt
895 1711 974 1755 vero
996 1690 1176 1779 prophetae

95 1801 265 1890 corrigere
279 1800 337 1866 eoa
353 1811 386 1867 et
399 1808 573 1890 propterea
587 1800 666 1867 talia
681 1822 792 1867 aecum
807 1799 886 1865 dixit
900 1801 1008 1866 Deus:
1028 1802 1175 1868 Descen-

95 1911 170 1977 dam
190 1920 225 1977 et
241 1909 370 1976 induam
384 1932 436 1975 me
454 1932 551 1975 carne
562 1910 676 1975 etiiam
685 1911 717 1975 in
726 1909 831 1976 forma
845 1910 981 1975 hominis
996 1920 1030 1975 et
1047 1909 1175 1976 docebo

95 2028 277 2087 creaturam
298 2042 413 2103 meam,
433 2028 468 2084 ut
488 2029 695 2084 convertatur
715 2044 735 2085 a
751 2019 886 2085 consilio
909 2018 1038 2102 diaboii,
1060 2030 1094 2086 ct
1114 2021 1175 2086 erit

96 2127 320 2196 omnishomo
341 2136 507 2216 tamquam
532 2128 625 2194 Deua
653 2124 915 2195 non‘aecundum
937 2140 1093 2212 naturam,
1116 2131 1175 2196 aed

94 2238 274 2307 secundum
295 2237 581 2325 perticipationem.
617 2240 661 2305 Et
675 2238 739 2305 hoc
760 2238 860 2305 uoluit
873 2241 963 2305 Deua
980 2250 1075 2327 pater
1091 2243 1181 2307 bona.

95 2350 260 2414 voluntate
281 2355 315 2413 et
334 2349 567 2434 cooperatione
593 2348 727 2436 spiritua
747 2350 867 2415 nancti:
899 2348 1070 2416 descendit
1090 2351 1174 2417 filiam

94 2468 151 2526 eut
170 2459 302 2523 verbum
322 2457 396 2539 Dei,
417 2465 451 2522 et
471 2458 641 2545 ingreaaua
672 2467 724 2525 eat
742 2481 856 2546 puram
880 2468 914 2525 et
940 2459 1174 2527 immaculatam

93 2568 263 2656 uirginem,
284 2576 317 2632 et
334 2567 481 2655 suscepit
498 2589 639 2653 curnem,
655 2576 689 2634 et
703 2567 799 2634 horno
820 2568 925 2635 sactus
945 2578 998 2634 eat
1011 2578 1046 2634 et
1058 2578 1174 2656 postea

95 2702 137 2746 ex
156 2688 250 2744 utero
273 2677 407 2765 virginis
429 2698 586 2765 egressus
608 2688 818 2746 conversatus
841 2689 893 2745 eat
906 2680 939 2746 in
959 2677 1081 2744 mundo
1102 2701 1175 2745 cum

92 2788 274 2855 hominibus
294 2797 330 2853 ut
349 2788 458 2869 homo,
479 2797 512 2853 et
532 2790 714 2856 nominatus
736 2800 787 2854 eat
803 2789 964 2868 Christus,
985 2788 1039 2876 qui
1061 2788 1171 2857 docuit

93 2898 241 2965 homines
264 2896 347 2963 viam
375 2898 528 2963 veritatis.
568 2900 638 2964 Iste
669 2910 721 2964 cat
743 2901 893 2966 Christus
926 2898 1011 2965 fiiiua
1041 2906 1077 2970 et
1103 2920 1172 2963 ver-

93 3011 169 3075 bum
190 3008 270 3092 Dei,
297 3028 429 3073 sumena
451 3028 593 3092 carnem,
622 3009 675 3075 cui
696 3009 847 3076 convenit
865 3009 972 3098 gloria
993 3017 1027 3074 et
1046 3008 1120 3075 laus
1141 3008 1172 3075 in

39 3133 47 3141 ·
92 3119 224 3188 saecula
244 3117 458 3184 saeculorum.
500 3119 615 3185 Amen.

127 3364 156 3435 1)
173 3362 380 3423 latentiore
405 3380 507 3437 param.
