2596 4710
90 473 385 565 Metrophunis
408 462 625 563 Oritopuii
651 465 894 546 cantarana.
1006 476 1081 553 tau

79 687 109 734 ις
136 665 509 751 neocaesaraea
560 664 661 730 rihus.
712 662 840 746 Quodsi
870 668 943 758 quis
973 684 1081 742 autem

80 759 145 821 τοῦ
182 755 399 836 φινροίματός
439 751 510 817 ίοτι
561 748 604 816 de
624 748 786 816 fermento
811 776 940 821 massae
966 758 1082 827 intelli-

79 841 249 925 ίποστόλῳ
271 840 291 906 ὁ
314 840 428 923 λόγος,
452 840 511 904 oli·
561 856 643 922 gere
661 837 848 922 apostolica
869 843 967 907 verba
988 845 1083 911 velita

80 927 134 1008 api
157 935 215 1007 τῆς
233 929 509 1003 ψευδοδιδασκα-
561 919 687 1002 rideat,
716 943 758 986 ne
785 922 942 1009 insipiens
971 950 991 994 a
1021 929 1082 994 do-

99 1013 162 1077 uai
200 1013 422 1093 κακοηθείας.
467 1010 510 1074 Ei
561 1005 649 1070 mino
694 1008 936 1093 compellatum
999 1014 1084 1081 sicut

80 1116 96 1160 ς
118 1099 198 1173 περὶ
220 1105 279 1175 τῆς
302 1095 339 1161 ἐν
368 1097 419 1180 τῷ
442 1118 512 1179 ‹pv-
563 1091 659 1157 etiam
688 1091 755 1171 illi,
784 1093 839 1179 qui
859 1093 974 1163 salsam
996 1097 1084 1165 Pha-

79 1206 121 1247 ιτι
142 1184 257 1264 ζύμης
279 1183 447 1263 βούλεται
467 1180 513 1245 τὰ
563 1170 744 1263 risaeorum
790 1179 969 1248 doctrinam
1018 1182 1084 1249 ier·

79 1269 207 1333 ’τολικὰ
238 1266 384 1350 ῥήματα
413 1264 512 1331 ἔκλα·
563 1271 706 1328 tuentum
733 1284 749 1325 s
775 1264 914 1331 mholice
935 1279 1084 1335 vocatam

79 1377 83 1392 ’
118 1353 298 1435 βλεπέτω,
339 1356 389 1435 μή
429 1373 512 1417 ποτε
563 1366 629 1409 11011
675 1285 896 1434 intelligentes
941 1352 1002 1418 sed
1041 1352 1085 1419 de

79 1439 320 1520 arorduouup,
345 1439 511 1513 καθάπερ
563 1429 691 1533 vulgari
723 1430 885 1499 fermento
923 1447 1085 1523 putantes,

80 1532 148 1589 ῑνοι
173 1524 273 1606 παρὰ
291 1525 510 1602 ιοῡκυρίου,
562 1516 752 1600 insipientes
784 1540 804 1582 a
832 1519 966 1588 domino
1006 1523 1085 1589 dicti

84 1634 105 1675 ν
121 1614 191 1674 τῶν
209 1612 418 1690 Φαρισαίων
433 1622 511 1684 pau·
563 1608 657 1679 sant,
692 1602 801 1667 adhuc
827 1608 924 1671 etium
948 1628 1006 1673 ros
1032 1611 1084 1673 irt-

79 1697 267 1760 iaouatiav
288 1697 408 1775 ζύμην
428 1710 513 1772 ουρ·
563 1688 718 1769 apicum
731 1691 825 1768 estis,
848 1690 986 1758 (licente.
1023 1695 1086 1759 Se·

80 1785 141 1846 ιοῖις
159 1780 375 1862 κεκληρένην
391 1782 440 1859 μὴ
459 1801 513 1841 νο-
563 1792 603 1834 ro
631 1782 737 1837 autem
762 1785 839 1859 post
860 1778 1010 1842 acerbam
1033 1801 1086 1844 re-

80 1886 138 1931 vue
168 1866 261 1929 ἀλλὰ
293 1865 371 1946 περὶ
396 1871 514 1943 κοινῆς
565 1854 815 1938 prehensionem
850 1874 1086 1947 cognoverunt,

80 1972 104 2032 ης
119 1955 334 2031 νομίσαντες,
349 1952 513 2014 ιίσύνειοι
564 1941 670 2041 ipsum
691 1940 733 2005 de
753 1943 1000 2011 Pharisaeorum
1025 1947 1085 2011 (lo-

80 2052 151 2102 *aar
173 2038 272 2116 παρὰ
296 2042 359 2101 τοῦ
374 2037 513 2115 κυρίου·
564 2035 667 2090 ctrma
691 2027 792 2112 loqui,
814 2051 919 2116 neque
933 2030 977 2096 de
992 2034 1086 2117 panis

80 2142 111 2204 pr
134 2124 193 2187 καὶ
224 2123 324 2203 ὑμεῖς
348 2121 514 2183 ἀσύνετοί
564 2108 733 2177 fermento·
770 2190 773 2201 Ι

106 2207 277 2292 λέγοντος.
292 2211 324 2289 ¹)
366 2203 444 2277 'Oui
475 2200 514 2268 rii

95 2297 160 2372 τὴν
176 2293 307 2376 πικρὰν
320 2292 515 2368 ἐπιτίμησιν

81 2404 168 2451 καν,
206 2378 317 2444 αὐτὸν
346 2379 424 2454 περὶ
456 2385 515 2456 τῆς

103 2467 310 2543 Φαρισαίων
351 2468 515 2528 διδασκα·

100 2552 232 2632 λέγειν,
261 2548 338 2614 ἀλλ’
361 2552 404 2614 οὐ
435 2546 515 2626 περὶ

80 2635 109 2701 ἓν
132 2639 181 2699 rai
203 2631 303 2721 ἄρτῳ
325 2636 449 2715 ζύμης.

80 2722 147 2787 ’ςδ
197 2716 304 2801 ἄρτος
327 2725 517 2799 παραλαρ·
608 2722 703 2789 Unus
733 2734 839 2791 autam
870 2729 963 2812 panis
995 2751 1090 2796 assu·

85 2832 141 2872 ται
172 2804 209 2869 ἐν
240 2814 282 2890 τῇ
306 2804 516 2888 εὐχαριστίᾳ
568 2810 666 2878 mitur
700 2809 732 2873 in
770 2811 982 2893 eucharistia,
1026 2837 1091 2881 non

80 2895 116 2959 ιύ
133 2893 265 2965 πολλοὶ,
291 2891 344 2954 ὅτι
360 2886 408 2955 είς
426 2888 518 2953 ἐστιν
568 2893 679 2977 multi,
708 2893 795 2981 quod
819 2917 902 2959 unus
925 2907 976 2962 est
996 2899 1091 2966 Chri·

80 2976 188 3043 οιστὸς
219 2979 281 3043 καί
310 2978 354 3040 οὐ
386 2974 518 3039 πολλοί.
570 2990 661 3055 stus,
705 3001 769 3042 non
807 2981 906 3045 multi.
961 2982 1090 3048 Deinde

81 3087 138 3128 ιτα
162 3064 214 3128 ὅτι
239 3060 410 3127 κοίνωνία
434 3063 519 3137 Χρι·
571 3062 658 3152 quod
681 3064 865 3129 communio
894 3072 945 3128 ast
968 3065 1091 3133 Christi

104 3150 164 3214 nai
190 3148 401 3227 ἀνθρώπων.
442 3147 519 3208 Koa·
569 3148 792 3214 ethominum.
823 3149 1016 3214 Communia
1032 3172 1090 3215 au-

80 3237 110 3297 ἀ
140 3233 177 3297 δέ
207 3233 277 3297 ἐστι
309 3232 347 3296 τὸ
371 3230 520 3294 πολλοὺς
570 3243 634 3298 tem
658 3242 728 3311 est,
786 3255 860 3298 uum
884 3234 974 3299 multi
998 3236 1091 3302 unius

81 3342 154 3399 χειν
177 3319 260 3383 ἑνός.
303 3315 403 3381 ‘Eros
426 3313 519 3397 λέγω
571 3257 851 3405 participesllunt.
895 3319 998 3384 Uarrum
1016 3320 1090 3386 dico

81 3430 90 3467 r
122 3404 159 3470 τὸ
191 3406 317 3469 πόσον.
354 3403 397 3466 οὐ
427 3399 521 3466 κατὰ
570 3404 697 3468 ratione
723 3405 907 3489 quantitatis
937 3408 1012 3487 (seu
1034 3426 1091 3469 nu·

81 3493 171 3554 ὀιόν
195 3485 243 3553 ὥς
258 3502 367 3567 φησιν
390 3486 409 3551 ὅ
429 3484 521 3549 Ἀπί·
574 3489 683 3569 meri),
696 3510 760 3553 non
778 3491 901 3554 ratione
918 3489 1091 3577 qualitatis.

82 3574 232 3659 os·¹)‘()
252 3572 523 3652 ιίριος,ὃνκλῶ-
571 3570 701 3638 Etenim
725 3575 906 3656 Apostolus
929 3576 989 3639 ait:
1028 3573 1092 3638 Pu·

92 3659 173 3739 οὐχί
192 3660 360 3725 κοινωνία
380 3662 443 3721 τοῦ
458 3656 522 3720 oni·
573 3661 635 3738 uis,
657 3679 747 3742 quem
764 3662 961 3745 tiuupimus,
985 3678 1093 3724 nonae

81 3765 107 3809 ις
137 3751 199 3808 τοῦ
223 3747 380 3823 Χριστοῦ
412 3741 522 3811 ίοτινς
573 3751 621 3807 est
638 3747 813 3808 commuru‘o
829 3746 982 3828 corporis
999 3743 1092 3808 Clui-

90 3825 277 3905 είςοῗρτος,
302 3827 522 3907 incorporei
572 3826 645 3891 sti?
685 3828 845 3908 Quoniam
874 3850 958 3893 unus
990 3829 1094 3914 panis,

81 3919 131 3979 .οί.
179 3914 229 3978 Τὸ
254 3911 290 3977 δὲ
313 3909 377 3977 είς
399 3913 461 3978 καί
477 3911 523 3974 ἓν
573 3933 669 3975 unum
686 3935 807 3996 corpus
822 3913 912 3977 multi
935 3915 1092 3997 (sumus).

111 4005 173 4064 τοῦ
203 4000 315 4063 πόσου
348 3999 522 4078 λαμβάνε·
573 3996 775 4062 Vocabulum
820 4019 897 4060 vero
941 4018 1026 4061 κκατ
1060 4006 1095 4062 et

112 4087 155 4150 οὐ
188 4086 266 4162 περὶ
307 4088 371 4147 τοῦ
410 4087 521 4147 ποιοῦ.
574 4101 671 4145 uuum
693 4082 734 4145 de
754 4082 949 4167 quantitate,
972 4081 1094 4147 nonde

81 4170 201 4254 ὰγὰρ
223 4171 262 4235 τὸ
285 4168 387 4233 ποιὸν
408 4170 524 4232 narra
575 4166 729 4253 qualitate
760 4165 925 4251 accipitur.
979 4168 1095 4233 Omnia

81 4256 289 4333 ἀνθρώπινα
313 4254 462 4333 σώματα
486 4252 524 4319 ἕν
575 4250 660 4316 enlm
692 4272 835 4337 corpora
869 4250 1007 4317 humana
1042 4272 1095 4317 ra·

87 4511 99 4577 )
125 4506 222 4562 hlauta
242 4508 300 4561 xv.
323 4508 362 4563 16.
