2596 4710
361 333 570 403 chnadii
607 331 838 405 Confessio
886 336 914 406 1.
1150 342 1173 408 9

184 513 327 580 Melan.
370 512 408 576 ln
437 518 549 576 sancta
570 511 729 579 Trinitate
757 512 829 602 quis
851 512 1176 604 imminuamus

98 648 140 692 an
158 623 242 692 tilius
264 646 307 690 an
327 620 462 708 spiritus
481 629 640 688 sanctius?

185 757 336 824 Gesnad
364 757 404 827 Iu
423 762 537 821 sancta
558 755 716 824 Trinitute
734 756 841 822 nullus
860 765 913 822 est
931 757 1057 845 primus
1075 778 1181 849 neque

95 868 239 951 ultimus,
259 865 320 933 sed
342 866 437 932 simul
456 873 561 953 pater,
580 864 674 930 simul
695 865 790 947 lilius,
804 865 898 932 simul
917 876 950 932 et
967 866 1181 955 spiritussan-

96 988 170 1042 ctus
191 987 227 1044 et
248 983 424 1065 propterea
443 975 537 1040 simul
559 995 624 1039 non
646 974 787 1044 inchoati
807 974 956 1043 dicuntur
974 986 1047 1042 aute
1062 977 1181 1064 princi-

100 1088 199 1175 pium.
240 1087 334 1154 Deus
354 1106 433 1152 vero
456 1066 550 1172 paler
569 1084 737 1172 principio,
768 1085 842 1152 licet
863 1093 1008 1153 estante
1030 1087 1181 1176 principi·

101 1220 155 1263 nm
176 1206 212 1263 et
231 1205 407 1285 propterea
428 1192 545 1260 dicitur
566 1196 636 1260 sine
656 1195 832 1284 principi0;
860 1205 894 1262 ct
924 1219 990 1263 uon
1009 1196 1180 1264 inchoatus

99 1307 198 1387 tilius,
219 1328 285 1372 uon
308 1305 476 1371 inchoatus
497 1302 630 1391 spiritus
651 1313 794 1371 sanctus.
815 1306 860 1373 Et
874 1329 952 1372 ecce
968 1306 1065 1373 simul
1085 1329 1183 1374 coae-

102 1418 195 1501 terni,
215 1424 250 1482 et
271 1414 378 1481 nullus
401 1415 535 1502 primus,
552 1415 656 1479 nullus
671 1414 802 1481 ultimus
823 1417 857 1482 in
878 1424 991 1483 sancta
1011 1415 1181 1485 Trinitate.

111 1552 114 1557 ’
188 1551 334 1618 Mullum.
355 1550 400 1617 Et
413 1548 545 1637 spiritus
561 1550 864 1639 sanctusquumodo
876 1549 1051 1639 procedit'a
1063 1556 1183 1640 patret

114 1756 119 1764 ,
192 1684 342 1753 Gennad-
383 1686 593 1771 Interrogare
615 1683 657 1749 de
685 1684 749 1751 hnc
777 1684 906 1751 minime
927 1693 959 1750 te
981 1684 1086 1767 decet,
1119 1708 1185 1754 non

108 1808 155 1864 ast
169 1794 423 1886 interpretabile,
437 1802 577 1859 attamen
591 1792 725 1859 addisce
732 1816 854 1883 quaeso
870 1794 912 1860 dc
925 1794 989 1860 hac
1003 1816 1057 1859 rea
1069 1784 1184 1883 'quem-

108 1906 280 1974 admodum
301 1904 436 1992 spiratio
458 1903 596 1969 lromiuis
618 1902 768 1992 procedit
788 1906 830 1971 ab
852 1904 976 1986 anima,
1006 1904 1052 1971 ita
1071 1905 1185 1995 etspi-

108 2018 186 2085 ritus
207 2025 341 2083 sanctus
362 2012 552 2103 procedite
574 2022 677 2100 patre.

191 2149 340 2217 Melam.
382 2149 499 2215 Utrum
519 2145 594 2212 loco
616 2147 761 2235 capiatur
780 2149 873 2214 Deus
894 2169 937 2213 an
957 2155 1051 2216 nant

201 2284 353 2351 Gesnud.
396 2270 680 2348 Animadverterat
706 2280 869 2370 intelliges
900 2280 1082 2370 diligenter,
1103 2284 1193 2371 quod

111 2397 199 2462 Dens
221 2394 330 2462 lumen
360 2400 412 2457 est
443 2389 600 2457 invisibile
621 2398 655 2456 et
675 2391 749 2457 luco
770 2414 835 2458 nan
856 2394 1063 2478 receptabile,
1084 2415 1190 2482 neque

112 2504 208 2592 igitur
230 2502 407 2591 adspicitur
427 2502 530 2582 Deus,
550 2522 655 2588 neque
674 2502 847 2590 respicitur
872 2503 1006 2594 intuto,
1026 2505 1081 2569 ubi
1101 2503 1191 2569 habi-

112 2624 236 2681 taturus
257 2623 291 2679 et
321 2619 565 2699 receptaturus3
597 2609 704 2697 itaque
735 2612 856 2678 clarum
889 2600 1191 2700 manifestatumque

113 2734 172 2809 est,
193 2721 284 2812 quod
303 2743 369 2788 non
391 2720 546 2807 recipitur
565 2719 598 2785 in
620 2723 784 2804 uncinos,
805 2720 866 2787 sed
886 2721 919 2785 in
938 2729 1009 2786 toto
1025 2731 1058 2787 et
1072 2723 1192 2809 ubique

114 2833 207 2900 adest
234 2835 336 2899 Deus.
378 2832 486 2899 Etiam
515 2828 663 2895 audivisti
693 2832 735 2897 de
763 2839 875 2920 sancta
904 2830 1072 2912 Trinitate‚
1103 2830 1193 2917 quod

114 2922 174 3011 uni
195 2964 340 3033 persam
372 2950 424 3006 est
444 2940 555 3022 Pater,
577 2941 680 3007 altera
701 2964 779 3007 vero
811 2940 951 3027 Spiritus
976 2937 1126 3023 Sanctus,
1159 2948 1194 3005 et

115 3056 175 3123 alia
193 3052 299 3120 Pilius
316 3061 350 3118 et
362 3051 516 3120 Verbum.
538 3049 628 3115 Ecce
642 3051 742 3138 igitur
762 3050 860 3133 scias,
874 3049 962 3138 quod
977 3050 1029 3116 hic
1044 3049 1131 3116 lilius
1146 3050 1194 3116 in-

116 3165 213 3231 dutus
233 3173 285 3229 est
306 3184 403 3228 carue
425 3160 563 3225 humana
586 3166 619 3223 ct
648 3162 818 3227 ambularit
839 3160 989 3243 interra,
1012 3168 1044 3226 et
1064 3169 1195 3248 postea-

119 3297 212 3362 quam
235 3272 337 3339 induit
358 3291 490 3337 carnem
513 3277 546 3333 ct
567 3269 738 3335 ambulavit
751 3271 783 3337 iu
804 3281 892 3336 terra
912 3293 987 3336 cum
1008 3293 1115 3353 carne,
1138 3292 1196 3335 uo-

120 3384 255 3450 minatus
277 3393 329 3449 est
348 3382 448 3447 Jesus
469 3387 504 3444 et
524 3378 703 3465 appellatus
728 3381 885 3447 Christus.
920 3382 1025 3470 Igitur
1048 3380 1197 3446 Christus

122 3494 203 3561 filius
219 3502 252 3559 et
264 3492 397 3558 verbum
412 3489 475 3555 Dei
491 3497 543 3554 est
557 3489 751 3574 incarnatus,
766 3490 888 3556 habeus
899 3490 1036 3556 sormam
1051 3486 1198 3553 hominis.

204 3651 349 3718 Mulsum.
400 3650 472 3731 Qua
509 3647 702 3714 necessitate
737 3647 854 3716 ductus
885 3649 971 3715 iilius
1003 3656 1036 3712 et
1068 3646 1201 3714 verbum

127 3760 181 3828 Dei
200 3764 385 3829 incarnatus
407 3767 468 3841 est,
490 3767 525 3823 ut
545 3757 722 3824 ambularet
743 3768 779 3825 ut
799 3759 896 3825 homo
918 3758 951 3823 in
972 3753 1117 3823 mandor

212 3921 360 3987 Geaaad.
411 3920 591 4005 Postquam
621 3917 846 4007 interrogasti,
875 3939 937 4004 qua
965 3936 1083 3982 caussa
1111 3916 1203 3984 Deus

133 4028 308 4096 incarnatus
339 4039 409 4113 est,
438 4028 513 4095 audi
535 4050 694 4094 caussam.
743 4031 835 4094 Deus
868 4026 954 4092 nulla
985 4048 1022 4091 rc
1051 4025 1203 4116 indigens

136 4139 309 4206 incarnatus
332 4151 404 4220 est;
425 4137 485 4205 sed
507 4140 645 4205 humana
667 4149 780 4204 natura
801 4137 967 4225 indigebat
988 4135 1207 4203 medicamina.

138 4246 306 4337 Postquam
336 4251 419 4316 enirn
448 4252 540 4316 licus
568 4250 644 4315 lecit
673 4249 798 4315 coelum
829 4257 861 4314 et
891 4257 1010 4313 terram
1038 4255 1072 4310 ct
1093 4248 1210 4327 anania,
