2596 4710
58 4044 79 4141 'l

486 297 806 387 Proiegomcuu.
1128 331 1188 378 m

120 482 224 540 coasilia
252 483 362 553 iniret,
395 497 457 556 quo
486 480 570 540 lucto
599 481 734 539 criminis
765 481 905 559 capitalis
937 488 1129 552 accusandus
1158 502 1189 555 et

115 592 350 651 condemnandus
371 592 499 665 fuisset,
521 593 571 651 hic
593 591 770 651 mandatum
785 589 816 670 ¹)
839 610 942 653 sccum
966 598 1045 672 tulit,
1069 621 1105 662 ex
1127 623 1188 681 quo

107 703 249 783 agendum
271 707 351 777 crat,
372 705 409 762 nt
425 702 635 763 Petriarcham
657 703 831 763 Romanum
852 703 979 767 luceret.
1021 710 1093 770 Fuit
1113 714 1189 777 illnd

101 817 354 886 intractatum,
377 812 461 888 qnod
481 811 604 886 dicunt,
631 810 898 893 pacificatoria,
932 835 994 893 quo
1015 822 1191 903 subscripto

98 942 204 1002 pacem
234 926 318 984 inter
347 921 520 983 Orientaics
552 926 585 983 ct
612 921 770 983 Romanos
799 924 887 1002 Psp'n
917 930 1093 993 tentaturus
1123 936 1189 997 luit.

97 1036 294 1112 Conquestns
321 1036 355 1093 iu
383 1033 438 1093 illo
460 1037 509 1095 est
531 1031 570 1093 de
592 1032 700 1108 cyrilli
721 1033 760 1093 ad
778 1033 923 1095 haeresco
944 1038 1189 1108 Luthernuornm

99 1152 129 1205 et
148 1147 401 1205 calvinianomm
422 1147 545 1221 promto
566 1145 677 1216 animo,
699 1142 738 1203 de
757 1143 922 1221 juvenibus
944 1149 974 1207 in
997 1152 1139 1233 Angliam
1162 1165 1193 1219 et

98 1256 125 1313 in
148 1256 351 1315 Germaniam
373 1256 484 1329 missis,
507 1254 546 1315 de
567 1255 767 1315 catechismis
789 1257 885 1330 noris,
908 1262 1063 1323 erroribus
1086 1270 1193 1344 apertu
1260 1254 1277 1291 ·‘

99 1366 232 1425 scientis.
264 1367 351 1442 Quos
380 1368 406 1425 si
437 1365 600 1440 damnare,
629 1365 854 1443 conciliumque
882 1368 1092 1435 florentinum
1130 1390 1193 1439 arn-

101 1476 193 1553 plccti
214 1475 310 1552 relit3
340 1480 457 1543 curiam
478 1478 648 1537 Romanum
683 1495 824 1558 magnam
845 1482 996 1557 pecuniae
1016 1485 1077 1545 rim
1099 1489 1193 1551 colle-

103 1593 243 1660 cturum,
274 1591 311 1646 nt
331 1588 405 1648 unio
434 1587 643 1648 confirmetur.
686 1587 837 1663 cyrillus,
866 1592 1006 1668 pericula
1026 1597 1141 1657 veritus
1163 1604 1194 1661 ct

105 1699 315 1774 incorruptam
343 1698 435 1758 fidem
468 1700 663 1772 servaturus,
695 1715 878 1775 responsum
901 1700 1046 1778 dilatarit,
1068 1724 1194 1785 remque

106 1826 172 1866 cnm
200 1807 337 1888 Anglico
368 1808 471 1890 legato
500 1809 744 1870 communicavit.
788 1809 847 1886 Qui
879 1827 973 1886 quum
1000 1815 1196 1880 vehementer

107 1918 445 1997 dissuaderet31'apae
467 1921 623 2000 negotium
645 1918 767 1980 silentio
790 1923 962 1982 contemsit.

189 2031 255 2092 Sed
288 2032 470 2111 ungentibus
498 2032 646 2092 Romanis
681 2028 828 2091 secedere
864 2031 971 2093 maluit
1006 2032 1197 2113 Pnlrlarchs,

109 2160 195 2218 quam
218 2160 380 2203 assensum
402 2143 552 2221 praebere
575 2139 624 2202 rel
646 2143 676 2200 ri
706 2158 812 2201 eorum
835 2144 1056 2204 contumaciam
1080 2151 1112 2207 ct
1133 2168 1198 2209 ma·

111 2253 200 2313 litium
230 2255 363 2313 tentare.
406 2252 508 2331 Ipsius
539 2254 628 2313 amici
657 2269 722 2312 rem
756 2251 796 2311 ad
824 2253 1020 2332 magistratus
1049 2257 1198 2319 Turcicos

113 2364 305 2438 detulerunt,
333 2365 404 2440 qui,
432 2365 568 2441 acceptis
591 2363 694 2422 (lucica
715 2362 797 2423 mille
818 2363 1044 2441 imperialibus,
1074 2368 1199 2429 seditio-

114 2495 176 2536 nem
208 2478 240 2535 in
270 2475 446 2553 praesentia
474 2477 741 2551 compescuerunt.
784 2472 924 2534 Ecclesia
956 2493 1029 2536 rero
1059 2478 1200 2542 Romana

114 2590 206 2648 nescit
229 2588 270 2646 ab
291 2587 415 2662 incepto
438 2583 596 2644 desistam.
639 2584 750 2642 Missus
781 2588 829 2645 cst
848 2576 1098 2663 Antipatniurc'lna
1130 2609 1200 2651 cnm

115 2704 286 2776 quaestore,
308 2701 344 2756 ut
365 2697 446 2754 omui
468 2712 582 2773 pompa
604 2712 641 2754 nc
662 2692 827 2770 splendore
849 2695 1072 2760 Graeculorum
1095 2703 1201 2763 oculos

115 2828 145 2869 ac
163 2812 287 2870 montes
302 2807 552 2885 praestringeret.
575 2802 649 2863 Naxi
666 2803 841 2881 appulsum,
858 2811 986 2866 exeunte
1000 2828 1081 2868 anno
1100 2810 1202 2889 1626„

115 2919 231 3002 legatus
254 2917 395 2979 Gallicus
417 2915 585 2977 honorifice
606 2932 664 2993 per
687 2887 878 2976 sacellanum
903 2935 992 2977 snum
1014 2920 1129 2982 salutat
1150 2941 1204 2983 vo·
1243 2969 1247 2977 .

115 3035 210 3109 iisqne
239 3031 364 3108 optimis
382 3029 513 3106 excipit.
557 3027 605 3086 Ac
631 3026 729 3103 primo
758 3024 881 3102 qnidam
911 3033 1025 3091 cuneta
1053 3035 1204 3110 procede.

116 3143 192 3203 bant.
240 3141 364 3201 crearit
386 3140 466 3200 enim
488 3154 585 3199 novus
609 3138 667 3200 isto
688 3136 833 3196 sacerdos
851 3139 1015 3217 episcopos
1031 3140 1114 3203 haud
1129 3163 1205 3222 pan-

117 3272 175 3327 cos,
196 3255 294 3330 inque
315 3250 417 3311 insule
439 3250 515 3309 Chio
538 3251 600 3308 tam
622 3265 739 3324 pronus
756 3247 945 3309 Graecorum
968 3253 999 3312 in
1021 3254 1206 3330 cuminum,

118 3369 150 3424 ut
168 3384 228 3444 pro
250 3364 356 3425 lanato
378 3361 480 3420 omine
511 3358 645 3419 omniurn
677 3358 793 3418 animos
823 3360 1001 3421 conciliatos
1028 3364 1141 3424 habere
1163 3366 1206 3424 vi-

121 3476 252 3536 deretur.
297 3472 361 3533 Scd
383 3471 461 3533 adeo
483 3471 605 3530 minime
634 3470 693 3528 sibi
713 3473 887 3547 temperare
906 3473 1018 3549 potuit,
1041 3478 1077 3532 nt
1097 3473 1207 3531 intole-

122 3586 245 3646 mbilern
274 3582 389 3644 laetum
418 3600 494 3660 prae
524 3599 557 3640 sa
583 3580 697 3654 terret,
725 3598 787 3656 quo
809 3572 919 3641 Gracci
947 3583 1095 3663 indignati
1125 3584 1209 3660 apud

128 3694 260 3755 liririnm
282 3697 408 3773 practer
431 3711 547 3752 morcm
569 3697 631 3752 tam
654 3693 786 3771 graviter
805 3708 870 3752 reru
889 3695 1028 3773 egerunt,
1049 3695 1086 3751 ut
1099 3693 1210 3753 sulino-

134 3823 235 3878 gnncus
256 3808 335 3882 iste,
362 3822 433 3864 oum
455 3807 520 3863 suis
543 3805 635 3862 sociis
666 3803 740 3882 luga
768 3802 898 3863 salntem
929 3805 1049 3880 peteret
1081 3801 1210 3881 ejusque

138 3916 257 3995 episcopi
280 3919 313 3976 in
335 3935 478 3987 carcerc,
500 3914 574 3991 quid
595 3914 671 3974 sulco
695 3917 786 3988 cssct,
808 3913 946 3973 meditari
969 3916 1105 3990 possent.

210 4029 313 4091 lnnus
338 4045 411 4087 roro
430 4024 521 4086 1027.
545 4044 622 4085 nora
645 4026 714 4084 tulit
736 4023 882 4102 pomcule.
918 4024 1048 4085 Advenit
1062 4024 1214 4086 Constan-

144 4162 355 4182 U-——n-

198 4260 222 4323 l)
239 4255 351 4327 hegitur
371 4257 397 4313 in
420 4254 533 4311 laettres
551 4255 704 4311 amelec
722 4270 747 4323 p·
765 4254 814 4311 211
832 4263 889 4319 um·
