2596 4710
91 195 159 243 vnn
521 167 760 243 Praelatio.

96 370 339 445 musmonem
359 368 601 443 imbibendaan
615 370 733 463 prodo
765 372 1038 464 oonpaento“,

98 506 132 569 et
157 498 275 566 Abboti
309 502 342 565 et
374 499 448 589 regi
482 499 550 588 ipso
579 496 722 566 studiose
752 498 957 567 commendat
992 495 1152 591 (vidor'p

100 624 269 715 epistolam
294 624 327 690 in
351 621 471 691 Panti'
487 620 680 690 Oolomoaii
706 622 903 693 clarorum
929 623 1154 714 airoromrpi·

102 748 207 818 atatis
233 747 411 836 niaqulnr.
462 747 567 816 Lond.
594 747 705 816 1687.
729 769 781 839 ep.
804 751 876 819 dd:
910 752 945 817 in
969 748 1053 840 Opp.
1086 749 1157 816 all·

103 876 199 942 bricio
224 873 338 964 editis,
378 873 494 942 Hamb.
522 870 634 956 1⁷09,
671 894 705 962 p.
728 871 990 965 557-559).
1045 875 1160 965 Georgia

107 1001 159 1066 ille
190 998 295 1066 Abbot
328 1000 586 1087 archiepiscopus
614 1004 768 1085 juvenem
798 1021 818 1067 a
849 999 906 1067 toli
932 1001 1005 1067 viro
1043 1018 1162 1066 commn-

108 1126 217 1191 datum
240 1123 378 1214 benigne
401 1125 528 1212 excepit
553 1144 706 1213 eumque,
738 1123 861 1193 Jacobs
887 1144 974 1214 rege
1000 1121 1165 1209 concedent,

109 1252 191 1318 inter
204 1247 395 1317 Oxoniensis
411 1248 597 1317 academiae
613 1250 701 1317 circs
718 1251 853 1338 recepit,
862 1248 948 1338 quod
967 1250 1040 1339 ipsc
1055 1248 1168 1316 narrata

110 1377 319 1464 responsione
329 1373 371 1442 ad
380 1369 540 1462 cyrillum
556 1369 632 1464 (ap.
641 1375 682 1442 1².
694 1372 887 1442 Oolomeaa'i
903 1372 1171 1464 epistainpntll

113 1497 195 1589 Opp.
205 1521 235 1589 p.
244 1495 354 1589 361).
394 1498 441 1567 lbi
456 1504 621 1588 postquam
640 1520 697 1588 per
713 1499 838 1588 aliquod
855 1505 987 1589 tempus
1003 1506 1173 1567 commorata

114 1624 228 1692 studiis
248 1624 437 1715 theologicis
453 1643 582 1715 operam
597 1623 751 1712 dederat,
768 1626 799 1691 in
815 1624 1026 1693 Germaniam
1043 1624 1175 1710 trajedtd

116 1749 300 1818 academias
324 1747 555 1840 Altdorlinanr‚
588 1748 873 1840 Vitebergensem,
905 1750 1141 1841 Tubiogensen

118 1874 332 1965 Argentinam
341 1869 388 1966 *J
415 1876 514 1964 adiit,
539 1872 676 1943 bremae
702 1894 825 1964 quoque
849 1895 908 1965 per
937 1873 1071 1964 aliquod
1094 1881 1178 1963 teapn

119 1998 229 2090 degit,
272 2001 402 2068 tandem
437 1999 656 2069 Helmstadiae
699 1999 816 2068 diutins
848 2005 1002 2067 versatus
1037 2005 1087 2067 est
1114 2000 1180 2087 bip

121 2123 351 2214 professoribus
367 2125 549 2216 quibusdam
565 2126 762 2215 rogantibus,
789 2146 821 2191 a.
845 2123 970 2214 1625,
996 2124 1182 2215 antequan'a

121 2250 258 2337 patriam
274 2250 404 2339 rediret,
424 2251 530 2339 capita
538 2251 687 2339 primaria
697 2249 904 2317 consessionis
912 2248 1002 2338 lidei,
1021 2251 1139 2342 qualem
1147 2268 1189 2317 ce*

53 2375 57 2381 ’
123 2373 224 2440 clesia
241 2372 412 2443 Orientalis
429 2371 604 2465 profitetur,
621 2377 797 2464 composuit
808 2380 842 2443 et
856 2375 999 2443 libellum
1016 2374 1185 2443 festiano·

124 2500 333 2589 conscriptum
351 2499 460 2566 amicis
477 2504 511 2566 et
525 2497 698 2568 studiorum
709 2500 961 2568 moderatoribus
978 2500 1113 2591 reliquit
1140 2497 1187 2587 lps

125 2630 238 2714 postea
268 2622 423 2693 Venetiae
449 2624 622 2714 proiectus,
649 2625 701 2691 ubi
727 2645 904 2713 perunum
929 2646 1053 2694 annum
1075 2642 1188 2716 gaces

126 2749 270 2841 linguam
303 2750 410 2819 docuit
440 2749 574 2841 indeque
600 2749 829 2818 Alexandriam
862 2770 1017 2819 ros-’ersus
1044 2751 1188 2837 Protosyr·

128 2875 222 2965 gelus
255 2875 477 2966 patriarchalis
501 2871 870 2964 Constantinopolitanus
907 2874 1016 2943 sactus
1044 2884 1114 2963 est,
1142 2881 1188 2941 un

129 2999 202 3067 dem
227 3001 408 3090 patriarcba
435 2999 673 3069 Alexandrinus
698 3005 824 3069 creatus
851 3006 902 3067 est
915 3023 925 3087 3
964 3023 1028 3090 quo
1056 3001 1127 3069 dum
1145 3017 1188 3067 nn

129 3143 207 3191 nere
233 3123 447 3216 fungebatur,
486 3125 556 3213 ipse
585 3147 656 3193 cum
689 3127 816 3216 reliquis
850 3126 1009 3215 episcopis
1045 3129 1078 3194 ei
1108 3122 1187 3214 jola

131 3268 244 3316 nomen
284 3251 488 3339 subscripsit,
530 3269 590 3338 quo
623 3246 739 3339 cyrilli
779 3250 936 3319 consessio
978 3250 1132 3319 damnata
1157 3254 1187 3316 ed

132 3372 284 3442 Libellum
315 3380 405 3466 elus,
430 3374 652 3443 Helmstadiae
678 3378 709 3442 in
735 3372 833 3444 Conr.
859 3376 998 3461 llorneli
1024 3379 1144 3445 scriniis
1162 3392 1186 3441 rc

72 3588 74 3593 Ι
133 3501 290 3592 positum,
315 3506 429 3591 postea
454 3501 531 3570 Joa.
557 3500 741 3591 immotos,
767 3498 907 3569 Conradi
930 3500 1037 3593 lilius,
1074 3502 1186 3594 protest

133 3625 411 3718 Helmstadlensis,
437 3626 535 3695 edidit
555 3649 627 3696 eum
647 3630 905 3718 interpretatione
922 3628 1027 3697 latina
1042 3631 1107 3698 boc
1125 3626 1186 3697 titul

181 3742 427 3833 Ὁμολογία
457 3756 534 3829 τῆς
568 3748 847 3828 ἀνατολικῆς
880 3745 1135 3829 ἐκκλησίας
1158 3754 1186 3812 ri

263 3858 951 3939 uaSolrurisuaidnoocolauris·
975 3865 1186 3947 ovyypapcil

135 4005 347 4021 ——-—-

207 4109 237 4176 ¹¹¹)
265 4111 434 4177 argentorati
456 4127 535 4180 qrnrm
562 4118 650 4173 esset,
675 4110 700 4162 in
727 4109 836 4164 nectibus
854 4106 1026 4183 Berneggcri
1055 4114 1174 4171 inabilarit

139 4202 333 4265 guarrunatlcom
354 4204 603 4271 gerlaco-barborum
623 4202 788 4272 conscripsit.
