2596 4710
474 270 808 367 Prolegomena.'
1106 296 1197 346 xxrrr

104 466 186 529 bauti
217 463 449 527 contemnenda
461 458 506 544 ¹).
564 458 805 538 Praeceptorean
840 422 1061 521 tortuosiore
1095 458 1196 518 iertnr
1277 442 1287 457 ’

99 579 267 656 tieletum,
289 594 383 654 quem
397 568 602 655 Hottingerns
624 571 698 633 dicit
714 567 820 646 cyrilli
843 580 1022 650 asperum,
1042 572 1115 648 post
1129 566 1193 629 Pa-

98 689 269 749 triarcbnrn
288 680 586 762 Alexandrinam.
637 681 701 743 Pro
736 696 822 741 more
851 678 934 740 illins
963 678 1128 757 temporis,
1156 682 1193 738 nt

96 800 232 878 majores
254 800 288 859 in
309 798 407 860 literis
429 799 462 859 et
480 794 728 867 humanioribus,
757 808 837 867 qnae
859 788 1021 867 dicuntur,
1049 792 1083 851 ei
1102 789 1190 849 theo-

96 912 205 991 logicis
227 910 369 985 iaceret,
401 926 436 970 se
456 906 588 967 contulit
609 905 641 964 in
662 902 787 964 Italicus
810 902 972 981 regiones,
995 904 1045 976 et,
1076 903 1113 960 ni
1133 917 1191 977 par

97 1024 154 1083 luit
175 1022 332 1098 Cretensi,
353 1020 508 1095 Venetiae,
534 1017 636 1093 ibique
657 1015 890 1093 prbeceptorem
911 1014 1021 1074 nucius
1043 1014 1110 1089 est,
1138 1010 1190 1088 qni
1286 1056 1289 1061 .

98 1134 195 1194 iibere
217 1135 330 1193 corbe
348 1133 455 1210 Papae
477 1127 696 1190 famosissimos
725 1123 892 1199 satellites,
914 1123 1137 1186 franciscanos
1159 1125 1190 1183 et

166 1412 196 1475 t)
221 1406 254 1463 id
277 1408 364 1463 elucet
387 1421 422 1458 ex
440 1403 528 1459 11111111
553 1399 816 1459 lineo-Graeciae
831 1402 917 1473 lusis,
934 1402 1017 1459 veluti
1038 1404 1132 1471 psoe.
1156 1417 1191 1456 es

101 1494 285 1549 Constantini
304 1488 402 1544 Seruii
416 1488 558 1543 Cretensis
574 1487 705 1559 epistola,
722 1488 767 1541 ubl
788 1487 856 1543 inter
874 1488 926 1543 alin
946 1488 1029 1544 bacca
1046 1484 1191 1543 Turenum

101 1579 203 1633 sceiere
210 1576 316 1639 accidit,
324 1574 467 1629 admodum
474 1589 575 1645 pensos
583 1572 707 1643 (doctos)
716 1578 874 1643 tempestate
882 1583 975 1630 nostra
981 1574 1107 1644 reperirl3
1124 1590 1191 1645 quo·

103 1678 155 1717 nrm
169 1660 260 1731 major
274 1660 439 1731 pars‚patriu
454 1659 568 1728 undique
581 1654 805 1724 retinaculum,
816 1658 921 1713 unicium
935 1658 1064 1729 ntupum
1078 1677 1109 1713 se
1127 1676 1192 1713 con·

106 1746 164 1799 tulit.
199 1742 349 1799 Enumerat
361 1745 489 1817 deinceps
501 1742 573 1799 bnud
590 1758 700 1813 paucos,
717 1742 786 1795 inter
800 1759 869 1813 quos
889 1740 1057 1799 Macrinum
1072 1743 1192 1818 Marpe-

107 1833 197 1896 sium‚
215 1838 280 1901 post
299 1830 456 1901 episcopum
475 1824 668 1898 crinerorum,
686 1827 817 1896 epistolae
838 1829 873 1883 sie
895 1830 1071 1901 processione
1091 1828 1141 1897 Sp.
1161 1826 1192 1881 S.

106 1924 238 1969 audomar
266 1910 361 1984 (Bibi.
386 1922 453 1985 petr.
479 1930 549 1967 max.
573 1911 650 1966 Tom.
674 1910 774 1967 xxvi.
798 1932 826 1989 p.
848 1919 908 1973 474.
943 1913 1039 1968 Exstat
1066 1913 1145 1967 etium
1165 1911 1193 1967 in

106 1997 235 2071 Ogdoasie
248 2001 409 2069 scriptorum
424 1996 586 2053 Gmerorum
606 2014 676 2067 usne
696 1998 796 2069 prom
808 1998 927 2057 Lonsilni
944 1999 1045 2069 1651),
1063 2007 1091 2054 et
1104 1996 1194 2053 Meis·

107 2088 174 2139 111111
198 2084 449 2151 Alexandrinum,
483 2084 625 2144 omnibus.
650 2084 695 2153 qui
719 2084 800 2139 vitan
827 2084 997 2154 iiiicugant,
1021 2086 1194 2141 carissimum.

109 2166 229 2226 ilneritur
249 2168 294 2223 bie
319 2178 347 2223 et
369 2170 435 2223 alias
457 2169 492 2224 sle
511 2167 611 2222 sciroiis
628 2164 828 2223 sieilcieutibuss
847 2167 1006 2241 &masia
1026 2169 1093 2242 fere
1113 2170 1195 2226 uuila

110 2261 177 2324 utri,
193 2254 300 2309 densim
314 2254 456 2309 iiieruriis
469 2252 554 2308 ludis.
591 2249 645 2307 cir.
659 2252 677 2307 i.
692 2252 711 2305 l.
729 2269 756 2324 p.
772 2250 832 2313 485.

169 2364 201 2434 2)
226 2364 350 2434 Appeud.
376 2362 489 2417 Dissert.
516 2360 586 2416 Vlil.
612 2380 640 2433 p.
665 2367 726 2419 552.
749 2364 782 2419 nd
806 2364 935 2421 Analecta
956 2363 1195 2423 historico-theol.

114 2452 179 2506 1552.
213 2446 240 2503 is
256 2450 327 2503 isiem
345 2449 536 2513 videturesse,
554 2465 632 2519 quem
648 2449 675 2502 in
697 2448 813 2519 epistola
826 2451 917 2522 puniio
932 2459 995 2505 aute
1009 2451 1089 2505 citata
1103 2448 1196 2504 lausia·

113 2546 157 2587 tun
178 2534 336 2589 invenimus.
378 2534 577 2589 Discerneuilus
599 2544 641 2589 est
662 2534 698 2588 ab
719 2534 773 2589 alio
794 2532 925 2600 Meletio,
950 2534 1055 2591 Murco
1078 2531 1195 2607 Spripm

114 2622 148 2687 poi
162 2622 188 2673 iu
204 2618 284 2675 Cretu
301 2631 434 2677 natusest
453 2638 523 2674 nnnc
540 2623 615 2679 1585,
635 2618 703 2672 tuem
722 2619 840 2688 seqtruiis
856 2617 944 2689 cyrilti
959 2617 1081 2684 Lucuris,
1098 2620 1196 2675 deindo

115 2704 196 2759 ,ibisne
217 2706 325 2759 claustri
344 2706 479 2760 Cretensis
501 2706 610 2768 electus,
628 2716 691 2773 post
709 2702 928 2775 l‘rotosyngeilus
952 2702 1195 2775 constantinopoli·

116 2798 201 2858 ursus,
218 2791 331 2845 Gsslatae
352 2799 487 2843 emortuus
504 2787 590 2842 Xi'll.
606 2788 689 2859 April.
715 2792 790 2844 1662.
824 2786 972 2859 Utriusque
992 2786 1095 2843 Meietli
1118 2806 1196 2859 opus·

116 2874 166 2927 oris
179 2875 251 2929 mbo
264 2882 328 2929 sunt
340 2892 357 2927 a
370 2873 530 2927 licumrsioto
545 2872 609 2928 Pur.
626 2879 701 2931 1709.
736 2872 786 2927 ilie
802 2874 913 2944 Sprigus
928 2890 1026 2927 nomeu
1042 2874 1198 2943 subscripsit

116 2961 214 3028 synodis
231 2968 328 3014 contra
342 2956 466 3029 cyrillum
488 2959 663 3019 convocatis,
681 2958 783 3029 primae
800 2956 841 3012 bis
859 2959 948 3013 verbis
962 2976 1042 3012 usuro:
1061 2958 1198 3023 Μελέτιος

118 3044 230 3114 roquos
250 3043 433 3113 ispopsiruzoc
453 3043 500 3096 sui
521 3039 686 3108 διδάσκαλος
705 3045 756 3113 τῆς
775 3042 894 3117 μεγάλης
915 3042 1058 3115 ἐκκλησίας
1064 3086 1074 3116 ,
1091 3046 1198 3101 alterius

119 3132 332 3201 sancrtpstoaem
355 3128 466 3198 legimus
488 3126 556 3181 isira
580 3145 607 3198 p.
623 3132 684 3186 420.
720 3129 826 3184 Tertius
849 3128 977 3185 Meletius
1001 3130 1130 3186 calculum
1152 3131 1198 3186 aui·

116 3214 170 3283 jerit
198 3216 314 3287 Synoslo
336 3211 632 3281 Constantinopolitano
656 3218 731 3271 1648.
763 3215 834 3286 epusl
863 3214 987 3269 ilbodum
1013 3214 1197 3291 Metropolim.

118 3300 164 3357 Sei
186 3312 229 3357 est
252 3304 288 3356 sie
309 3298 399 3369 cyrilli
427 3298 555 3367 magistro
578 3296 647 3351 baec
669 3298 854 3371 discrepantia.
888 3299 998 3356 Literae
1020 3302 1056 3357 nsi
1078 3300 1200 3358 Grusiusn

119 3384 185 3442 ittae
206 3388 298 3441 dicunt
317 3382 455 3438 iileletium
477 3381 723 3450 Aiecauslrioum,
747 3394 879 3455 tamquam
901 3387 928 3440 in
955 3384 1035 3441 creta
1056 3386 1199 3457 hospitem,

118 3470 195 3527 iteras
217 3471 383 3531 tradentem
401 3467 573 3536 liottingeruu
596 3485 656 3522 enm
679 3470 741 3525 iacit
765 3470 929 3526 Cretensem
950 3480 1061 3543 etpost
1085 3473 1200 3525 Alexan-

117 3556 180 3613 iriue
203 3556 395 3611 Patriardranr.
429 3554 461 3606 Si
488 3560 587 3607 rectum
616 3554 786 3627 conjicio-
810 3556 984 3629 flottiugerus
1014 3559 1082 3611 enirn
1113 3556 1200 3612 nulius

118 3650 209 3705 testes,
240 3640 338 3711 qulbus
374 3656 438 3693 usus
467 3645 524 3706 est,
557 3639 654 3710 adjecit
676 3670 711 3682 -
730 3640 779 3696 luit
799 3640 926 3699 Meletius
947 3644 1127 3698 Alexandriae
1149 3658 1201 3699 ua·

120 3734 170 3793 iss,
187 3730 214 3781 ln
234 3725 315 3781 Creta
337 3726 441 3781 literas
458 3722 573 3790 uanus,
590 3725 678 3795 ibique
702 3727 770 3779 inter
787 3726 931 3796 discipulos
951 3724 1077 3797 cyrillum
1102 3726 1199 3797 babuit,

122 3824 245 3882 postremo
265 3814 293 3867 iu
314 3810 487 3867 Patriurcbue
508 3808 599 3862 sedern
621 3810 810 3864 Alexandrinus
835 3814 986 3865 resocatus
1007 3818 1058 3867 est.
1094 3811 1199 3870 iuterim

62 3882 64 3903 '
121 3913 179 3952 sero
193 3894 440 3969 ilpmoonyps'iinv
454 3910 548 3948 munus
564 3894 742 3949 Alexandriae
757 3897 849 3963 gessit,
873 3894 1080 3952 'lurco-Graec.
1098 3912 1125 3966 p.
1137 3898 1198 3957 234,

120 3984 161 4036 ubi
179 3984 337 4053 pmioctns,
355 3983 551 4053 perhumanus,
576 3980 709 4050 religionis
733 3980 867 4034 studiosus
893 3979 995 4035 dicitur.
1028 3974 1063 4032 Ei
1084 3976 1200 4034 Moietio

119 4068 246 4130 (betensi.
286 4068 465 4125 Alexandriae
487 4068 602 4139 Aegypti
622 4066 830 4137 l'rutosyngeiio
861 4064 952 4119 literas
984 4063 1057 4118 dedit
1091 4062 1199 4118 Crusius

120 4159 283 4213 sanasset.
326 4152 548 4225 i’rotosyngelius
574 4171 640 4208 vero
668 4163 710 4209 est
747 4151 885 4223 primarius
916 4147 994 4219 sigilli
1015 4149 1201 4207 Patriurclmils

121 4252 224 4307 custos,
242 4238 318 4309 cuius
334 4256 430 4295 munus
445 4256 566 4310 magnum
581 4240 652 4313 apnsi
667 4236 820 4296 orientales
837 4231 953 4291 habitunt
969 4243 1018 4289 est.
