2596 4710
91 299 118 367 Θ
358 297 567 367 Gennadii
599 262 827 366 Contendo
877 297 903 366 Ι.
977 393 990 405 ἱ

184 473 325 539 Manca
342 476 383 559 ι).
427 475 471 541 Et
489 475 577 559 vids,
597 475 617 540 i
639 498 668 542 e.
691 475 776 541 filius
797 474 884 541 unde
905 475 1045 543 dicitnr!
1078 502 1080 507 ’

186 617 332 684 Gennod.
375 616 462 686 Υἱὸς
481 619 501 686 ἰ.
524 642 552 715 e.
575 617 792 686 filiusdicitur
809 619 929 685 abhoc
946 619 1076 685 nomine
1098 658 1100 678 .

97 727 161 794 hoc
183 737 236 794 est
254 727 347 809 talis3
369 729 473 816 qualis
501 729 586 796 enirn
616 740 721 818 pater,
741 728 816 794 talis
836 728 932 810 fitius,
954 736 988 793 et
1006 736 1100 793 mutar

100 844 137 904 οῖ
155 837 189 904 in
209 864 248 907 vr
269 838 431 905 Graecum
451 839 540 921 vide,
559 839 624 907 hoo
650 849 704 906 est
731 839 827 905 filius.
871 837 993 904 Similis
1016 839 1100 903 enirn

99 946 161 1014 tris
182 958 235 1016 est
256 946 352 1014 filius.
483 967 487 979 ·

187 1079 332 1149 Metam.
373 1082 418 1149 Et
439 1087 580 1168 πνεῦμα
602 1082 622 1149 i.
643 1106 673 1151 e.
695 1032 838 1170 spiritus,
859 1079 945 1148 unde
967 1081 1100 1173 dicitur':

193 1217 342 1285 Garrod
384 1184 436 1285 db
458 1218 522 1285 hoo
545 1219 644 1283 verbo
678 1216 780 1301 νοέω,
799 1217 819 1282 i.
841 1239 870 1282 e.
890 1216 1048 1304 intelligo.
1073 1218 1100 1283 Ο

103 1324 189 1395 enim
218 1327 376 1395 veraciter
405 1337 440 1394 et
467 1337 561 1395 acute
588 1327 737 1416 intelligit
769 1336 802 1393 et
830 1325 988 1414 providet.
1046 1326 1100 1413 Sp}

103 1437 189 1505 euim
203 1447 336 1505 sanctas
352 1437 459 1505 ornnia
471 1437 612 1525 inquirit,
623 1441 655 1520 ²)
672 1436 948 1525 etprosunditatea
965 1435 1100 1501 etiarnD

190 1572 335 1639 Marna,
377 1574 416 1640 In
436 1575 509 1639 Deo
532 1594 616 1660 quae
636 1580 712 1637 sunt
732 1571 890 1658 principia
910 1568 1100 1656 productiva

196 1706 342 1775 Gerrood.
384 1706 494 1773 Unum
521 1706 658 1773 dicimus
690 1705 882 1792 principium
913 1704 1100 1793 generatim

103 1816 190 1903 Deo,
210 1817 241 1884 h.
263 1840 292 1884 e.
313 1815 425 1897 Pater,
447 1817 519 1903 ipse
539 1817 625 1883 enim
642 1825 779 1905 generat
794 1815 894 1879 filiurn
917 1825 950 1879 et
969 1814 1074 1900 spirat
1096 1840 1100 1880 ι

105 1937 173 1991 tum
187 1934 345 1993 sanctum.
376 1926 481 2009 Scias,
503 1925 592 2014 quod
614 1926 705 1991 solua
719 1932 771 1992 est
785 1933 879 2012 pater
897 1924 1100 2011 generations

107 2034 192 2099 filius
222 2044 328 2101 autem
357 2056 422 2100 uon
452 2045 504 2101 est
530 2037 756 2123 generatim,
790 2032 851 2100 sed
883 2033 1028 2121 genitus,
1058 2056 1099 2121 ap

107 2152 242 2210 sanctus
257 2166 323 2230 non
343 2153 397 2210 est
416 2143 637 2232 productim,
661 2144 721 2211 sed
735 2143 925 2232 productus.
947 2144 1060 2230 ltaque
1076 2166 1098 2230 p

108 2252 197 2340 pium
220 2251 447 2339 productivum
467 2264 521 2320 est
551 2264 644 2341 pater
665 2263 699 2320 et
719 2256 816 2321 etiam
836 2253 941 2333 fitius3
965 2252 1100 2341 product

108 2371 174 2428 tem
194 2371 270 2427 aunt
284 2340 376 2429 ,tilius
398 2373 432 2429 et
453 2364 587 2451 spiritus
608 2374 751 2432 sanctus.
807 2363 1008 2451 Principium
1028 2384 1100 2450 pror

107 2494 183 2538 rum
205 2471 322 2539 dicitur
344 2482 447 2561 pater,
469 2474 544 2562 quia
568 2485 705 2563 generat
726 2483 760 2541 et
780 2497 845 2538 non
867 2483 1052 2562 generatur,
1075 2496 1096 2560 p

109 2582 208 2648 citet
229 2604 294 2649 non
307 2581 515 2670 producitur;
538 2595 675 2672 generat
690 2583 820 2673 quidem
840 2583 951 2666 filium,
965 2583 1069 2670 spirat
1090 2606 1100 2647 r

109 2691 258 2780 apiriturn
288 2702 436 2760 sanctum
468 2703 502 2759 et
532 2693 608 2760 ideo
637 2692 754 2759 dicitur
785 2701 878 2781 pater
901 2692 1094 2780 principium

112 2799 286 2872 ductivum.

195 2937 339 3004 urim.
382 2937 427 3004 Et
447 2945 527 3024 quot
540 2947 616 3003 sunt
631 2957 792 3024 personae
806 2935 839 3002 in
854 2935 969 3003 divinis
988 2936 1100 3023 produ<

200 3072 348 3138 Geonod
390 3071 485 3138 Duae
508 3079 584 3137 aunt
612 3070 645 3135 in
668 3068 783 3136 divinis
812 3092 973 3159 personae
1005 3070 1100 3158 prodr

112 3180 198 3247 tilius
216 3191 249 3248 et
265 3183 398 3271 spiritus
420 3189 563 3247 sanctus.
599 3181 673 3247 Non
687 3190 824 3268 generat
840 3181 925 3246 iilius
939 3179 998 3246 sed
1015 3203 1101 3269 gene

112 3299 289 3382 propterea
310 3291 427 3358 dicitur
446 3289 644 3381 productus:
666 3290 814 3356 similiter
831 3291 965 3379 spiritus
987 3299 1100 3357 sanctu

115 3390 228 3490 spirat,
250 3400 310 3468 aed
332 3388 484 3489 spiraturp
506 3409 541 3466 et
560 3400 634 3467 ideo
664 3399 782 3466 dicitur
810 3400 1000 3489 productus.
1045 3400 1083 3463 Si

112 3514 334 3602 interrogatus
355 3511 467 3594 fueris,
488 3510 522 3577 in
552 3509 667 3576 divinis
698 3533 780 3599 quae
810 3513 875 3577 sint
895 3531 1058 3599 personae
1080 3533 1100 3596 p

112 3631 250 3690 centes?
281 3618 480 3710 respondes:
511 3617 605 3684 duae.
646 3618 729 3685 Nam
750 3629 843 3706 pater
872 3629 1013 3710 generat
1035 3619 1100 3684 fitiu

113 3743 206 3821 pater
226 3742 260 3800 et
282 3732 368 3800 filius
387 3730 512 3818 spirant
532 3728 682 3816 spiritum
705 3739 863 3795 sanetum.

121 3921 321 3939 m

183 4022 211 4090 1)
228 4017 356 4090 Spectant
376 4018 403 4073 in
419 4017 488 4073 libro
500 4015 567 4070 baec
583 4016 666 4070 verba
679 4016 712 4069 ad
723 4012 851 4095 Gennadij
871 4013 1027 4068 orationem.
1047 4015 1100 4069 Per

114 4106 220 4171 Deinde
242 4120 327 4176 prave
356 4104 448 4174 tegitur
475 4099 623 4173 procide:
648 4097 734 4170 dyada
803 4100 832 4166 2)
856 4098 938 4152 Liber
962 4101 1056 4155 trahet:
1088 4104 1100 4153 t

115 4190 200 4255 tom
220 4187 385 4262 taprobane
403 4191 540 4260 tnqutrit,
558 4187 629 4257 quod
648 4185 698 4240 huo
718 4187 815 4241 induxi.
884 4187 914 4251 3)
933 4183 952 4238 Ι.
969 4184 1031 4240 Gor.
1049 4183 1081 4238 ΙΙ.
