2596 4710
433 285 754 378 Pralcgameno.
1107 317 1146 364 ῃ

46 469 280 529 Platonicorum
307 466 417 531 schola
447 468 646 546 prodierunt,
682 468 820 549 theologi
859 477 1017 546 amarunt,
1049 475 1145 537 voluti

47 580 142 639 Cleua.
163 580 252 641 Alex.
276 580 391 639 ltrom.
405 578 446 639 11.
468 598 495 639 c.
512 578 542 638 2.
564 584 600 646 eit
623 587 678 661 pap
704 588 736 645 lv
758 586 856 664 γνόφῳ
881 582 903 661 ἢ
927 576 1004 666 step
1030 590 1145 662 isat,-

47 678 104 739 dts'
123 680 259 753 duracina)
273 684 324 739 aral
338 680 429 740 adm
446 683 496 739 sal
510 681 612 755 χρόνον
626 674 676 739 aui
692 685 742 754 τῆς
758 680 1145 758 :suppositorumque

48 784 195 863 Magnum
219 803 313 861 porra
335 788 522 844 momentum
553 784 660 843 tribuit
682 783 800 843 dirluae
830 784 1039 859 providentiae
1064 808 1147 849 eam·

50 914 109 969 qne
128 895 331 971 amplioribus
351 894 452 955 serbis
476 893 621 955 describit
641 914 673 972 p.
698 893 758 967 14,
781 893 873 970 plano
896 912 932 953 ex
953 900 1057 959 mente
1078 899 1148 959 illo·

49 1023 128 1076 rum,
152 1006 205 1079 qui
228 1004 495 1065 Aristotelicorum
518 1003 643 1081 placito,
664 1006 722 1065 suh
745 1007 819 1064 terrra
840 1006 958 1063 resiliam
979 1024 1052 1066 ease
1070 1026 1148 1082 pro·

49 1117 220 1183 ridentium
235 1116 351 1175 vellent
367 1132 549 1173 occurrero:
570 1116 689 1174 Tatian.
700 1115 741 1175 11.
764 1114 939 1174 chalcidius
950 1114 1022 1176 345.
1046 1118 1148 1178 Theo-

51 1224 117 1283 dor.
139 1226 182 1285 11.
206 1230 284 1285 orat.
328 1226 420 1285 Hanc
455 1226 680 1302 simplicitatem
717 1227 899 1300 antiquitate
932 1229 1150 1305 verrerabilanr,

51 1335 273 1412 philosophicis
296 1336 452 1395 coloribus
475 1334 649 1395 distinctam
671 1337 913 1411 repraesentavit
930 1336 1020 1396 etiarn
1036 1338 1068 1397 in
1081 1340 1149 1398 Tri·

51 1447 157 1505 nitatis
188 1434 386 1524 expositione.
431 1446 474 1505 Ut
495 1448 578 1506 Iron.
598 1446 649 1505 lv.
674 1445 724 1505 20.
747 1448 839 1505 adea
868 1466 1010 1522 seruper,
1040 1449 1149 1527 inquit,

51 1560 181 1617 tarteria
204 1567 237 1617 et
257 1560 428 1633 sapientia,
445 1556 532 1635 filius·
556 1564 587 1615 ct
610 1556 667 1631 Sp.
689 1557 744 1615 ἃς
776 1556 884 1615 eodem
911 1557 1002 1616 modo
1025 1556 1150 1619 Genna-

54 1666 123 1727 dius
152 1688 184 1745 p.
209 1667 259 1729 13.
287 1669 353 1745 jam
388 1671 459 1726 ante
500 1666 656 1726 conditum
700 1666 845 1724 mundum
885 1665 1019 1725 aitirmat
1055 1668 1150 1729 tuisse

56 1770 149 1839 Λόγον
165 1772 212 1827 sori
231 1774 348 1839 Πνεῦμα
372 1768 510 1841 ἐνεργείας
532 1773 583 1825 τοῦ
611 1771 684 1825 Θεοῦ
709 1766 845 1837 φυσικὰς,
875 1764 969 1823 tacit
989 1768 1061 1835 Θεὸς
1084 1774 1151 1837 νοῦς

55 1878 148 1949 ioris,
167 1872 217 1929 cui
241 1871 272 1928 id
294 1871 386 1931 ailinc
409 1874 467 1943 est,
488 1869 572 1945 quod
593 1874 712 1927 rctercs
736 1867 774 1927 de
798 1877 870 1951 λόγῳ
892 1872 976 1928 ccrtc
1000 1869 1151 1946 dixerunt,

55 2001 125 2040 cum
148 1986 221 2041 ante
243 1980 349 2041 usundi
373 1981 558 2039 creationem
578 1978 635 2038 deo
652 1979 789 2051 infuisse,
806 1979 835 2037 id
857 1979 939 2055 qnod
958 1980 1040 2056 apud
1054 1980 1153 2043 Athe-

55 2112 126 2171 nag-
152 2096 252 2151 cxstat
273 2092 368 2171 legat.
392 2109 447 2167 pro
463 2090 642 2149 Claristianis
658 2090 705 2147 X:
728 2096 757 2167 ἐξ
777 2094 863 2169 ἀρχῆς
879 2096 933 2169 alp
950 2094 967 2153 d
984 2096 1065 2169 dede,
1083 2104 1153 2165 sair

57 2208 153 2277 didiae
170 2206 223 2281 dia,
242 2206 315 2281 εἶχεν
337 2208 368 2267 ἐν
385 2208 475 2283 ἑαυτῷ
500 2207 550 2265 τὰν
568 2207 660 2279 λόγον,
686 2205 783 2272 botae
801 2206 909 2279 λογικὸς
926 2202 975 2263 aiv.
1009 2200 1153 2279 hlagnum

58 2332 152 2391 porro
176 2314 390 2388 antiquitatem
412 2311 509 2386 sopiit,
542 2310 625 2383 quod
648 2309 696 2368 dei
719 2314 858 2369 naturam
882 2310 922 2368 ob
944 2309 1011 2385 ejus
1035 2313 1154 2372 trinita·

60 2429 121 2482 tem
144 2442 206 2483 non
231 2422 355 2499 quidem
378 2420 480 2481 rerbis
501 2418 620 2477 deliniri
643 2438 681 2477 ac
703 2419 911 2478 circumscribi
933 2438 1026 2496 posse
1049 2424 1155 2481 censet

62 2554 93 2609 p.
111 2534 141 2591 ⁴2.
161 2564 204 2575 -
228 2532 307 2591 idem
338 2531 420 2589 enim
454 2530 550 2587 sensit
581 2548 616 2589 cx
645 2528 786 2609 Origenis
827 2528 933 2587 schola
972 2547 1154 2609 progressus

64 2643 211 2717 Didymus
235 2641 273 2701 de
295 2640 391 2701 trinit.
408 2639 433 2697 1.
458 2637 488 2697 b.
516 2639 650 2716 15.;11.
679 2640 778 2717 l.-;
808 2638 1002 2697 nihilominus
1023 2656 1094 2699 rcro
1117 2641 1155 2700 il-

66 2753 120 2811 lud
140 2754 239 2829 ipsum
261 2751 438 2827 mysterium
461 2749 642 2828 imaginibus
668 2754 698 2809 et
720 2748 967 2807 similitudinibus
989 2750 1155 2826 illustrare,

69 2868 214 2939 quantum
237 2862 353 2937 possit,
387 2859 500 2919 studet.
543 2860 606 2920 Il'ec
635 2862 664 2918 in
687 2861 795 2919 harum
818 2859 939 2918 delectu
963 2879 980 2918 a
1003 2864 1156 2923 veteribus

72 2973 202 3033 dissidet.
246 2971 334 3033 Solia
356 2972 440 3031 certe
460 2970 620 3049 imaginem
643 2974 690 3047 (p.
706 2967 753 3049 t.)
774 2971 940 3029 invenimus
965 2970 1047 3048 apud
1062 2973 1158 3033 Athe-

74 3103 171 3163 nagor.
193 3082 287 3161 legat.
306 3081 366 3157 X.,
394 3080 463 3155 qui,
498 3081 596 3155 qualis
619 3082 659 3138 sit
683 3082 825 3157 spiritus,
860 3079 1027 3143 lectoribus
1062 3084 1159 3144 voluit

9 3228 11 3247 =
77 3195 113 3253 ila
138 3195 252 3255 clarius
279 3191 420 3252 reddere.
464 3189 634 3248 Platonicis
663 3186 823 3263 formulis,
857 3192 1039 3266 quibuscum
1071 3194 1159 3255 locus

81 3304 296 3363 lJoaun.1l'.
324 3298 373 3359 lc.
407 3301 679 3372 commiscebatur,
709 3301 848 3361 innititur
877 3302 929 3361 illo
961 3306 1159 3378 mysticorum

80 3417 163 3494 uagis
186 3432 277 3489 quam
299 3410 553 3470 scholasticorum
576 3411 701 3487 propria
725 3414 867 3471 trinitatis
891 3414 1069 3489 explicatio,
1099 3434 1160 3490 qua

11 3536 14 3549 ¹
81 3528 134 3581 tres
155 3541 304 3600 personae
323 3540 392 3581 csse
410 3518 590 3580 dicebantur
605 3522 693 3593 derra,
716 3525 873 3597 rapientia
888 3520 929 3601 ¹),
952 3546 1048 3583 atrior.
1073 3526 1162 3587 Hanc

81 3635 204 3706 mysterii
227 3630 401 3692 absconditi
423 3634 640 3707 expositionem
660 3631 789 3710 legimus
807 3635 838 3691 in
856 3632 1007 3693 Gcrrnadii
1023 3635 1105 3695 coni.
1119 3637 1161 3697 Π.

85 3760 111 3817 p.
126 3744 170 3803 13.
211 3744 316 3820 Ipsam
339 3760 412 3799 vcro
434 3740 563 3801 duarum
594 3742 623 3799 in
647 3742 769 3801 Christo
794 3749 972 3803 naturarum
995 3762 1162 3824 carumque

86 3850 284 3915 distinctarum
302 3855 335 3913 ti
355 3856 422 3918 καθ’
439 3858 594 3918 inducaris
616 3856 735 3913 tantum
753 3856 784 3913 et
799 3864 981 3933 προοωπικοῖς
998 3856 1161 3933 unitarum,

84 3982 143 4023 noa
168 3966 258 4046 igitur
286 3963 516 4023 commixtorum
548 3967 580 4023 et
609 3964 807 4024 contusarum
844 3964 993 4023 rationem
1029 3966 1165 4030 illustrat

83 4104 304 4141 —7'—

146 4180 175 4247 1)
189 4174 293 4233 seton
310 4176 359 4231 tilii
383 4174 526 4248 appetatis
552 4172 664 4247 atrisque
687 4185 798 4229 natiuae
821 4172 962 4243 explicatio
986 4188 1028 4231 est
1052 4181 1077 4233 ln
1095 4182 1164 4237 llhro

86 4280 129 4331 pro
147 4263 246 4318 Condi.
264 4264 337 4317 h'lor.
355 4280 415 4333 cupa
430 4260 451 4315 l.
472 4271 537 4316 serr.
556 4270 578 4317 i.
