2596 4710
103 250 107 265 .
140 202 213 275 168
316 194 618 289 Metropuants
641 186 860 287 (irituputi
887 192 1140 269 confessio.

142 398 264 478 ὄλβιον
303 394 480 474 θάνατον,
522 391 585 458 tiis
623 390 668 469 δὴ
722 391 912 480 preciosam
955 402 992 459 et
1031 394 1167 461 nobilem
1193 395 1234 460 de

143 480 233 562 tinio
270 487 332 545 τοῦ
362 481 579 563 μονογενοῦς
607 475 670 541 αῦ-
723 477 925 557 duraturus,
941 479 1097 565 reliquiis
1115 503 1169 567 pro
1182 483 1237 568 ipsu

144 574 208 633 τοῦ
224 569 309 634 υἱοῦ
324 566 526 652 γενόμενον,
552 561 671 644 ἐπέθη·
726 561 959 629 defunctorum
983 567 1130 652 gratiam
1152 576 1181 631 ot
1196 569 1239 630 do

143 678 183 721 ua
206 661 278 719 τοῖς
300 653 477 729 λειψάνοις
494 653 564 716 τῶν
582 644 673 729 ὑπὲρ
726 670 802 714 num
822 650 1032 715 sanctissimi
1051 651 1242 738 Spiritusne

144 739 285 805 ἐκείνου
329 737 515 803 θανόντων
566 734 674 816 χάριν
727 733 795 799 dit:
819 734 908 821 quod
933 758 1012 799 cum
1033 736 1182 802 Ecclesia
1194 739 1243 801 nni-

146 827 209 891 uui
233 825 375 904 δωρεάν
397 826 461 894 τοῦ
491 822 673 905 παναγὶου
726 817 971 898 madverteret,
1004 820 1148 886 libenter
1172 845 1246 888 rese·

148 911 367 991 πνεύματος,
400 908 487 987 ὅπερ
509 911 530 989 ἡ
553 904 673 987 inuin-
726 904 796 992 pit,
818 905 1043 992 posterisque
1066 906 1205 973 tradidit

149 1000 209 1062 οἱα
239 997 505 1076 καταμαθοῦσα
542 993 674 1072 προθῦ·

147 1099 226 1162 μως
264 1079 461 1150 ἀπεδέξατο
498 1079 561 1147 καὶ
602 1084 675 1144 τοῖς

148 1164 331 1248 μετέπειτα
351 1161 569 1243 παρέδωκεν.

184 1248 261 1319 Ὅτι
276 1251 313 1318 δὲ
331 1255 473 1333 άληθῶς
487 1251 594 1332 χάρις
612 1249 677 1315 τοῦ
772 1253 919 1321 Gratiam
950 1264 1067 1323 autem
1097 1260 1251 1326 sanctissi

152 1342 335 1423 παναγίου
356 1337 556 1418 πνεύματος
574 1346 678 1419 προσ·
730 1337 773 1405 mi
796 1338 941 1424 Spiritus
972 1364 1097 1407 revera
1126 1343 1252 1409 additum

152 1422 254 1507 ετέθη
297 1431 369 1490 τοῖς
408 1422 527 1507 άγίοις
561 1421 679 1498 istud·
731 1445 808 1489 essu
853 1435 1051 1492 sanctorum
1103 1429 1252 1514 reliquiis,

150 1528 241 1593 νοις,
291 1513 519 1592 μαρτυροῦσι
554 1507 680 1573 πολλοὶ
731 1518 892 1575 testantur
921 1511 1017 1577 multi
1048 1514 1251 1600 antiquissimi

152 1597 224 1660 τῶν
249 1595 504 1675 ἀρχαιοτάτων
536 1602 599 1678 τῆς
628 1590 681 1659 ἐκ·
732 1593 899 1681 sapientes
939 1605 974 1660 et
1039 1597 1062 1661 ii
1095 1598 1252 1664 Ecclesiae

151 1675 681 1766 sirpoiasovrypapimv,¹)xoi
733 1679 914 1762 scriptores
938 1680 997 1762 (ad
1027 1687 1184 1769 ucentras)
1208 1686 1250 1750 uri
1278 1762 1281 1769 Ι

154 1769 263 1848 σοφοὶ
308 1768 372 1833 runi
406 1768 504 1850 άγιοι
543 1762 588 1829 τά
621 1762 682 1828 διὰ
732 1764 842 1829 recula
896 1788 935 1829 er
965 1778 1163 1834 sanctorum
1191 1771 1281 1836 ποῦ’

154 1858 225 1917 τῶν
249 1853 368 1938 άγίων
387 1852 568 1931 λειψάνων
585 1849 681 1934 γενό-
732 1848 825 1934 quies
861 1786 973 1929 iictu,
1008 1876 1041 1917 e.
1067 1876 1104 1941 g.
1135 1852 1250 1921 daemo-

155 1962 246 2021 μενα
276 1940 466 2020 θαύματα·
496 1933 576 2003 οἷον
608 1938 682 2000 σαι·
732 1956 808 2000 nurn
851 1933 975 2022 fugas,
1023 1947 1062 2003 et
1106 1941 1250 2005 rariorum

155 2027 280 2107 μόνων
296 2024 419 2111 φυγὰς
434 2024 496 2089 καὶ
513 2022 682 2088 ποικίλων
733 2019 920 2085 morborum
936 2024 1145 2090 curationes.
1177 2026 1249 2107 Quo

155 2112 368 2193 νοσημάτων
389 2109 592 2192 θεραπείας.
619 2096 682 2173 Ὧν
731 2126 802 2170 rurn
819 2104 891 2170 loca
907 2128 972 2172 suo
985 2106 1249 2197 temporeostei-

155 2198 238 2264 τοὺς
262 2199 391 2262 τόπους
415 2198 547 2276 καιροῦ
567 2192 681 2260 διδόν·
730 2188 810 2255 dere
840 2212 1050 2275 possumus,
1090 2195 1167 2262 licet
1189 2196 1248 2285 jam

155 2304 212 2349 τος
235 2285 421 2362 δυνάμεθα
439 2287 680 2363 παραστῆσαι,
730 2296 788 2357 ea,
803 2286 945 2365 urgente
961 2282 1248 2369 temporisoppnn

155 2371 186 2433 st
206 2369 269 2433 nai
293 2373 361 2431 νῦν
384 2366 443 2431 διὰ
467 2365 505 2431 τὸ
524 2372 680 2430 κατεπεῐ-
731 2360 883 2445 tunitate,
904 2365 1216 2450 praetermittamus

154 2478 221 2541 γον
243 2463 301 2534 τῆς
324 2452 422 2534 ὥρας
449 2450 594 2516 τούτους
617 2471 680 2514 πα-

152 2537 329 2621 ρατρὲχω.

226 2799 253 2865 Ι)
274 2797 310 2851 tta
330 2796 460 2851 innan-irtit
484 2795 570 2849 inrrrnr
596 2794 811 2874 tpsrnnnautogr.
839 2790 978 2863 [tamajus
1006 2796 1084 2851 mate
1109 2796 1153 2853 istc
1176 2798 1248 2852 orsini

155 2882 268 2930 cunuuu,
289 2867 430 2933 posuitque
449 2874 511 2934 post
537 2862 621 2931 σοφοὶ
641 2871 667 2914 ut
685 2879 776 2929 αγιοι,
806 2877 861 2929 quo
889 2863 964 2915 iacto
991 2866 1104 2933 nescis,
1129 2868 1189 2936 quid
1210 2867 1248 2919 sibi

153 2935 238 2998 uelit,
268 2935 339 3053 :prod
365 2933 482 2985 adstituor
509 2942 551 2985 nst
569 2927 605 2985 τῦ
622 2959 655 2969 ·-
672 2925 815 2995 θαύματα.
852 2927 895 2983 Ex
923 2931 969 2984 ilia
997 2935 1110 2989 ratione
1134 2936 1172 2989 sic
1189 2936 1248 2989 Ιοεσι

153 3018 266 3055 enarran
287 3020 333 3053 us:
359 3009 488 3052 testantur
506 2999 632 3052 historiae
658 2997 753 3050 arri-ies.
772 3002 922 3065 auctores,
950 3009 981 3053 et
998 3003 1151 3072 sapientes
1173 3004 1248 3073 arpi

153 3070 278 3128 minirutu
296 3075 453 3138 caprinum,
472 3068 545 3139 qnmt
564 3066 674 3121 uerbum
695 3064 773 3119 sirene
790 3082 822 3118 es
841 3073 1000 3137 μαρτυρεῖν
1017 3070 1086 3127 iicet
1105 3074 1196 3145 repeti.
