2596 4710
154 314 231 366 xxu
462 268 465 273 ’
546 293 866 386 Prolegomena.

157 476 288 549 mount,
311 474 468 537 orientalia
491 477 622 539 ecclesia
644 479 707 538 otlo
724 478 891 538 hebescere
910 480 942 537 et
958 477 1163 559 languescere
1180 498 1253 539 coe-

156 591 257 667 perat,
278 602 372 663 quum
396 586 594 665 expluribus
615 587 747 650 saeculis
770 590 801 649 et
824 587 926 649 cultus
951 589 982 647 et
1003 587 1144 649 doctrina
1165 590 1250 668 apud

157 694 373 761 Occidentalea
395 697 492 759 multa
520 698 648 760 leciaaet
673 700 872 759 incrementa.
916 696 1022 775 Neque
1053 699 1197 761 celeriter
1217 703 1249 760 ln

158 812 274 869 tantam
294 807 451 869 hominum
472 810 665 871 orientalium
688 792 861 870 barbariam
883 810 916 869 et
935 809 1128 883 tyrannidem
1148 810 1251 871 reior-

158 923 259 980 matae
281 917 430 980 eccleciae
462 918 514 980 lox
535 920 691 1001 refulgere
722 920 840 999 potuit,
873 938 967 997 quum
996 919 1061 980 iere
1091 920 1249 981 saeculnm

158 1029 322 1091 decureum
350 1029 461 1105 luerit,
491 1030 662 1108 nequedum
693 1048 789 1091 norae
816 1028 975 1090 doctrinae
1003 1029 1135 1107 ejusque
1156 1050 1249 1091 eran-

158 1138 277 1221 gellcaa
297 1140 425 1223 vestigia
457 1141 539 1202 inter
559 1142 697 1203 Graecae
730 1139 1041 1220 deprehenderentur.
1085 1140 1157 1200 Fuit
1178 1159 1249 1201 vero

158 1248 303 1327 (tyrillus,
324 1251 375 1310 col
396 1268 566 1332 cognomen
587 1246 761 1333 Luceriae)
782 1254 840 1326 eat,
863 1250 956 1311 alacri
979 1251 1079 1311 animo
1100 1252 1156 1325 rir,
1180 1271 1248 1335 oru-

160 1359 274 1421 dltionc
296 1362 499 1439 conaplcrua,
527 1369 559 1425 et
580 1365 694 1424 sanctia
717 1361 810 1440 plane
835 1365 927 1439 atque
949 1364 1135 1439 incorruptio
1158 1364 1250 1422 mori-

157 1470 229 1546 lroa,
251 1472 303 1551 qul
325 1473 407 1532 omni
428 1473 530 1535 alodio
552 1474 584 1533 ld
606 1474 790 1547 elaboraret,
812 1475 849 1532 oi
869 1491 995 1532 suoram
1009 1471 1167 1532 hominum
1185 1477 1249 1533 tor-

158 1583 265 1660 pentia
284 1583 407 1663 ingenia
429 1586 590 1660 excitaret,
615 1588 746 1661 atquae
769 1579 851 1661 apud
871 1581 1061 1657 Orientalea,
1088 1581 1167 1664 jugo
1188 1582 1249 1643 Pa-

157 1708 218 1769 pae
239 1710 378 1768 excusso,
401 1697 467 1773 ipro
489 1694 647 1771 didicerat,
669 1696 751 1755 inter
772 1692 910 1755 Graecos
933 1691 1089 1771 divolgare
1111 1694 1248 1755 auderet.

156 1802 205 1863 lle
228 1804 318 1883 quoa
339 1806 401 1865 vlla
420 1824 457 1864 ac
478 1806 614 1865 morlboa
636 1821 737 1881 pauca
757 1803 924 1881 decerpere
946 1804 978 1863 in
998 1803 1099 1863 animo
1124 1808 1191 1880 eat,
1212 1824 1249 1866 ne

159 1915 227 1993 ejua
250 1914 357 1975 laudea
380 1935 399 1974 a
420 1915 580 1975 catholieia
601 1916 712 1973 misere
733 1913 928 1987 imminutae,
949 1930 969 1973 a
989 1912 1163 1974 reiormatia
1186 1933 1248 1975 ma-

159 2022 236 2083 xlme
266 2023 419 2105 theologia
449 2026 537 2085 nlmla
571 2021 806 2087 concelebratae
842 2022 956 2100 injuste
984 2022 1111 2085 lateant
1154 2026 1249 2086 liatua

159 2136 208 2193 eat
228 2132 360 2210 cyrillus
382 2136 415 2194 ln
435 2135 555 2196 incolae
576 2135 688 2196 cretae
708 2133 786 2195 orbe
808 2134 956 2195 caradoco
973 2130 1026 2212 ²),
1054 2138 1091 2196 ut
1111 2134 1251 2198 dixerunt

158 2244 287 2319 Arabes,
299 2276 341 2288 -
365 2245 486 2306 condio
500 2245 592 2327 volgo
607 2248 746 2321 vocator,
759 2243 839 2305 unde
854 2247 921 2305 tota
935 2244 1037 2304 incola
1057 2264 1169 2307 nomen
1188 2252 1250 2309 tro·

157 2355 211 2427 xit,
223 2384 266 2400 -
288 2373 368 2415 anno
383 2358 487 2416 nereio
503 2375 574 2434 quo,
591 2362 733 2417 anetoroa
750 2358 831 2415 enim
845 2354 948 2416 nulloa
964 2357 1044 2430 nori,
1068 2358 1122 2432 qui
1140 2357 1179 2418 da
1193 2358 1250 2419 hae

158 2481 194 2524 re
215 2464 412 2543 disputarunt
425 2466 467 2543 ³).
509 2468 580 2528 Fuit
613 2484 685 2527 vero
714 2465 768 2524 illa
797 2465 899 2527 insula
926 2468 1001 2527 tunc
1022 2469 1171 2544 temporie
1194 2469 1250 2529 Ve-

160 2578 301 2635 netorum
324 2578 451 2655 imperio
474 2577 624 2655 subjecta,
647 2578 837 2653 quapropter
859 2580 891 2635 et
905 2576 946 2637 ob
962 2576 1137 2637 scholarum
1156 2578 1250 2639 Grae

159 2704 265 2745 eorum
288 2688 488 2748 miserrimum
512 2689 643 2762 etatum,
672 2689 724 2763 qui
749 2688 906 2747 erectionis
928 2689 1019 2747 animi
1042 2693 1147 2749 essent
1164 2689 1249 2767 jore·

159 2814 232 2871 nas,
263 2799 295 2855 in
316 2797 435 2857 ltaliam
459 2796 628 2858 studiorum
658 2815 769 2859 caussa
797 2816 866 2859 aesc
889 2799 1075 2858 conterrent
1119 2800 1184 2860 Sed
1206 2802 1249 2859 in-

160 2908 236 2987 pigni
260 2907 319 2967 illis
343 2908 451 2967 incolis
476 2906 626 2969 beneliclo
648 2908 776 2981 cecidit,
798 2910 853 2985 ut,
875 2911 1018 2985 quoniam
1040 2910 1149 2970 Veneti
1171 2910 1249 2970 Tor-

161 3019 205 3075 ria
236 3019 371 3078 mitiores
401 3023 432 3079 et
460 3018 651 3079 liberaliores
677 3020 824 3093 luerunt,
859 3023 931 3097 poet
962 3020 1248 3099 Constantinopolin

160 3138 363 3209 expugnatam
385 3130 507 3207 plurimi
529 3130 583 3188 riri
606 3127 718 3189 eruditi
735 3130 767 3188 in
783 3129 938 3205 Cardiam,
954 3130 1154 3191 Patriarclrae
1170 3130 1249 3192 Goo-

159 3239 424 3317 atanlioopolitaoi
442 3237 703 3317 jurisdictionem,
725 3240 889 3313 abiissent,
916 3242 975 3318 ¹qui
1000 3241 1132 3320 juvenca
1155 3242 1249 3303 literir

158 3349 339 3409 imbuerent.
382 3348 431 3409 Ita
453 3350 513 3409 luit
534 3349 626 3413 Creta
649 3350 837 3411 Graecarum
866 3351 1026 3411 literarum
1049 3354 1138 3429 quari
1163 3352 1248 3415 redeo

158 3504 368 3521 m

229 3594 258 3660 1)
277 3587 328 3646 Eat
349 3592 432 3661 patria
456 3607 562 3647 oonaeo.
598 3591 728 3646 Scrlbltur
752 3592 822 3647 enlm
846 3593 873 3646 ln
897 3593 1012 3647 dendo
1032 3593 1135 3665 apoodi
1159 3592 1249 3648 Coun.

159 3675 232 3745 qaod
259 3675 328 3731 intro
350 3675 461 3745 legitor,
479 3696 505 3747 p.
523 3682 582 3736 398.
598 3682 659 3735 407.
677 3675 815 3746 Kripriloe
838 3676 1016 3748 Aaauoipeoc,
1041 3679 1076 3733 ad
1098 3696 1178 3748 quam
1202 3678 1251 3733 lor-

158 3772 228 3815 maor
245 3761 359 3833 pertinet
377 3762 454 3817 alam
471 3764 576 3818 dativo·
594 3760 733 3833 Aooadpea
749 3762 794 3816 vel
811 3760 955 3832 Actiacae,
978 3762 1022 3833 epol
1040 3780 1066 3835 p.
1082 3767 1135 3820 400
1152 3774 1203 3819 est.

226 3869 256 3935 2)
273 3870 404 3929 stabitur
424 3874 501 3929 etlam
523 3870 694 3936 Cieoadace,
712 3888 790 3943 quam
808 3870 870 3927 Nlo.
891 3872 1049 3928 tommano
1064 3872 1253 3946 Popadopoli

158 3950 220 4009 hier.
242 3969 362 4025 gymoao.
381 3957 478 4015 Patav.
508 3956 585 4012 Tom.
602 3954 633 4012 il.
655 3962 729 4021 180„
748 3956 791 4011 ubi
813 3956 846 4011 de
869 3956 986 4029 Georgia
1005 3956 1166 4030 Trapezam.
1190 3958 1252 4029 april.

158 4036 261 4095 incolae
280 4050 361 4111 caput
380 4042 461 4100 iubae
479 4044 550 4099 dicit.

226 4156 255 4221 ³)
275 4150 365 4214 Quom
386 4169 452 4209 vero
476 4155 535 4225 pluo
557 4155 722 4226 septinginta
747 4168 830 4206 annos
854 4154 963 4219 vixerit,
983 4162 1045 4207 erote
1067 4169 1165 4209 onoma
1189 4156 1256 4211 1568

155 4242 182 4295 lo
204 4240 289 4296 locem
307 4239 391 4295 edituo
409 4238 443 4291 ait
462 4247 578 4310 oportet.
