2596 4710
490 480 814 573 Proiegonens.
1129 507 1209 557 ssu

108 664 299 727 orientalem
322 666 485 729 ecetesiam
515 668 545 727 in
575 667 732 744 plerisque
753 664 905 745 dogmatis
938 670 1095 743 antiquom
1116 672 1150 729 et
1171 669 1209 729 ii-

112 776 245 839 berniern
268 796 345 855 prse
367 796 403 837 se
432 777 515 837 terre
544 778 698 855 speciem,
731 794 822 851 quern
852 778 971 835 tentum
994 780 1101 838 absum
1121 783 1158 841 ut
1179 783 1209 841 ei

111 890 230 948 crimini
249 892 387 965 sertem,
418 892 456 949 ut
476 891 586 947 contre
605 889 639 947 in
661 904 699 948 ee
720 905 868 946 summsm
890 886 959 963 ejus
981 887 1103 949 leudem
1122 893 1209 967 posi-

111 1004 174 1059 tnsn
204 1017 277 1059 esse
307 1000 485 1059 existimem.
527 997 631 1061 Nostri
662 998 757 1077 igitur
785 996 938 1074 iuniores,
971 1017 1067 1075 quum
1093 1002 1210 1065 velient

110 1109 276 1170 ecclesiam
305 1109 344 1169 sd
374 1110 507 1187 priscsur
538 1108 666 1171 iorurnns
694 1125 859 1181 revocure,
894 1107 1048 1171 debebunt
1074 1130 1150 1175 ssns
1176 1116 1209 1175 in

113 1220 178 1280 siiis
201 1239 274 1279 cunr
297 1218 427 1281 Grsecis
448 1237 576 1297 prorsus
599 1219 792 1292 consentire,
822 1218 944 1295 insiliis
977 1220 1016 1280 sd
1039 1240 1146 1284 eorum
1167 1226 1210 1285 si-

115 1330 320 1391 militudinem
340 1329 501 1404 secedere,
521 1331 553 1387 in
576 1330 685 1406 quibus
706 1330 766 1407 ipsi
787 1330 985 1390 sinceriorem
1007 1335 1039 1391 st
1058 1336 1210 1411 antiquio-

116 1460 178 1501 rem
203 1443 356 1501 rationem
379 1444 607 1501 conservarent.
650 1440 693 1501 nt
717 1442 825 1500 contre
858 1440 910 1501 eiii
932 1443 1071 1519 superins
1088 1444 1212 1522 judice-

117 1556 198 1625 runt,
220 1552 320 1612 mults
340 1554 453 1625 inesse,
477 1570 555 1627 quse
575 1551 786 1611 Romanorum
807 1550 951 1631 dogmate
971 1554 1157 1633 redolerent,
1179 1561 1212 1619 et

120 1666 232 1737 quanto
254 1664 351 1741 ungis
374 1664 433 1739 ipsi
456 1681 475 1721 a
497 1663 603 1738 quovis
619 1661 752 1723 Romani
774 1663 878 1736 moris,
900 1664 979 1723 ritus
1001 1668 1033 1725 et
1053 1668 1210 1749 religionis

123 1774 244 1853 uestigio
266 1774 512 1846 nbborruerunt3
543 1776 630 1833 tento
656 1772 773 1849 majore
797 1792 867 1833 cum
887 1773 1010 1835 instidio
1032 1776 1113 1837 benc
1135 1796 1211 1841 eon-

127 1883 281 1943 iessionens
302 1886 458 1962 persecuti
479 1887 561 1944 sunt.
605 1882 673 1943 Non
695 1884 761 1942 sine
783 1885 829 1942 ire
847 1883 999 1960 judicium
1011 1886 1083 1945 tulit
1101 1890 1211 1949 Tbom.

68 2036 75 2067 ,
130 1995 283 2071 initbius,
313 1996 418 2073 quiin
439 1994 609 2056 miscellan.
640 2013 672 2071 p.
693 1990 724 2053 i.
756 1993 915 2053 Meietium
938 1994 1099 2075 Syrigum,
1120 2017 1212 2076 quens

68 2140 82 2175 ξ
133 2104 332 2165 inclinanda
365 2110 397 2165 et
434 2103 622 2182 perficienda
651 2104 846 2165 confessione
877 2104 1007 2165 multum
1037 2107 1213 2172 eleborssse

68 2248 88 2285 ῃ
135 2219 257 2289 constrt,
281 2217 474 2277 Graeculum
506 2218 717 2276 tenebrionens
738 2214 829 2288 dicit,
859 2218 998 2291 partium
1018 2221 1135 2281 studiis
1154 2224 1214 2283 ssd·

68 2358 90 2393 s.
136 2323 323 2386 dictissimnm
344 2330 376 2386 et
397 2329 428 2386 iu
451 2326 580 2406 collegio
596 2326 786 2387 Graecorum
808 2326 926 2385 Romse
948 2326 1122 2390 educatum.
1153 2332 1215 2395 Mi-

68 2467 91 2503 n.
138 2434 342 2497 discinctum
363 2442 421 2511 est,
447 2441 499 2512 ut,
521 2439 697 2512 quicunque
720 2436 758 2495 de
781 2436 975 2497 confessione
996 2442 1151 2519 tamquam
1174 2445 1215 2505 sd

68 2578 92 2614 Ι
139 2543 330 2607 Ronsnorum
352 2549 511 2624 opiniones
532 2547 603 2624 plus
629 2548 716 2623 justo
747 2547 913 2608 inclinante
942 2549 1022 2610 mele
1052 2554 1213 2631 sentirent,

97 2716 100 2725 ,
140 2672 240 2717 onnens
261 2660 294 2717 in
316 2658 399 2717 hunc
420 2659 596 2729 Melctium,
630 2677 721 2753 quem
748 2663 781 2717 et
808 2658 1000 2719 Feneriinius
1024 2660 1214 2741 i.l.p.1i.

97 2808 100 2877 ,
141 2770 317 2829 usniiestum
339 2766 542 2837 Aersso'pposa
563 2766 653 2841 dixit,
687 2767 811 2844 cuipam
834 2771 1054 2846 transferrent,
1075 2773 1108 2833 id
1130 2777 1215 2853 quod

97 2884 245 2949 iprsster
267 2878 430 2937 Smitbium
451 2877 539 2937 multi
560 2877 769 2939 iecerunt-
797 2879 865 2937 non
894 2897 966 2939 vero
999 2884 1070 2942 mihi
1095 2885 1175 2944 ite'
1166 2906 1215 2946 rn-

96 2978 255 3049 'dulsisse
286 2987 408 3048 videtur
434 2988 593 3048 Romnnee
622 2988 798 3061 doctrinae,
830 3007 922 3065 quem
952 2992 1035 3066 quod
1063 2998 1215 3073 pernovit,

67 3094 92 3131 ²·
140 3115 210 3159 neno
231 3100 370 3179 prudens
394 3096 519 3158 sedebit
539 3099 783 3175 reprehendere,
813 3101 849 3157 ut
877 3100 981 3174 prisca
1009 3121 1083 3164 tute
1114 3107 1217 3168 ecole-

67 3184 99 3239 le·
94 3211 186 3309 sire
206 3212 354 3293 dogmstn
374 3228 431 3287 per
452 3211 512 3269 rim
534 3211 698 3289 abrogaret
719 3209 767 3268 rei
790 3209 979 3269 obscuraret.
1023 3212 1131 3292 It'eque
1145 3237 1217 3279 euru

67 3270 98 3439 'ai'
139 3323 167 3381 sb
185 3326 266 3384 omni
288 3326 378 3401 perte
401 3320 560 3380 catholicis
589 3320 753 3397 probatum
775 3319 889 3393 tuisse,
921 3323 1053 3385 testetur
1075 3331 1107 3387 et
1128 3329 1215 3407 iilud,

67 3424 96 3469 ''¹''
92 3434 220 3517 ἰ,ῃιιοιί
253 3452 350 3510 quum
381 3433 412 3489 in
441 3430 519 3490 iibro
550 3434 659 3490 contre
680 3429 829 3504 cyrillum
852 3432 1015 3494 Lucerium
1039 3441 1217 3518 conscripto

66 3528 95 3605 ’τῖ
138 3550 240 3623 septeni
262 3541 475 3604 tantummodo
508 3541 643 3615 synodos
676 3541 727 3600 leo
708 3543 827 3620 gitimss
860 3546 891 3601 ot
914 3545 1140 3625 obstringentes
1163 3568 1218 3610 vo-

66 3610 94 3679 ⁸³!
137 3650 231 3717 luisset
252 3672 344 3727 esse,
373 3653 430 3729 ipsi
452 3653 582 3712 Romani
604 3652 845 3728 prohibuerunt,
875 3657 1037 3729 quominus
1059 3659 1136 3720 iiber
1157 3662 1218 3721 Ve-

137 3768 212 3827 tetiis
230 3767 316 3843 typis
346 3764 577 3824 exscriberetur.
619 3762 661 3823 Iit
692 3764 788 3838 ipsius
822 3766 998 3825 cstecbisnri
1021 3767 1095 3828 levis
1123 3769 1219 3833 lectio

71 3850 92 3901 '³'
140 3872 224 3951 tecet,
247 3876 391 3937 Romane
412 3873 566 3955 dogmate,
589 3872 628 3935 do
647 3875 758 3949 quibus
774 3877 987 3937 contentiones
1006 3878 1087 3937 inter
1102 3882 1220 3943 utrens-

143 4004 190 4063 que
206 3987 370 4049 ecciesism
392 3986 571 4063 saepissime
599 3984 742 4058 fuerunt,
777 4004 888 4066 mogno
918 4005 988 4047 cnm
1018 3988 1121 4051 studio
1149 4012 1220 4056 esse

143 4096 323 4180 inpugnsts,
354 4094 449 4157 veluti
470 4093 510 4153 de
533 4095 588 4173 Sp.
610 4113 636 4155 s.
657 4098 873 4173 processione,
903 4116 994 4173 quern
1023 4096 1128 4163 iocum
1156 4106 1221 4165 tem

66 4224 86 4263 u
144 4205 253 4271 imiter
273 4204 538 4267 circumvallatum
568 4224 636 4266 esse
665 4208 774 4267 contu
794 4206 1004 4267 Romanorum
1027 4210 1220 4278 incursiones

66 4316 87 4425 Γ
144 4316 282 4394 finnus,
306 4321 343 4379 ut
364 4318 432 4375 Ser.
455 4315 635 4391 secutori,
667 4318 789 4395 petrum
811 4317 937 4395 scripte,
959 4323 1029 4381 ectu
1051 4324 1220 4399 synodslie,

74 4420 88 4449 ³
150 4428 242 4492 enies.
269 4428 417 4489 historice
445 4426 532 4503 iibri,
563 4426 703 4488 codicum
732 4442 885 4485 manuscr.
908 4424 1004 4503 tides,
1036 4432 1115 4495 dune
1143 4438 1221 4497 rans
