2596 4710
169 298 294 346 rnxxn
555 272 887 367 Prolegomore.

169 465 278 521 contre
300 460 383 519 illorn
405 458 629 519 contessionem
652 460 788 519 scribere
816 456 985 531 recusarit,
1007 453 1113 515 Bosilll
1136 454 1267 535 exempli

169 572 254 634 linnd
276 590 393 665 mernor
414 570 462 649 (p.
485 568 587 647 336),
607 572 675 647 ipso
698 571 742 629 ilo
762 569 958 643 ambitiosus,
987 571 1024 627 ut
1044 566 1117 643 post
1135 565 1267 643 primuni

169 686 201 743 et
217 680 336 761 instem
356 682 589 741 Potriurcliotus
612 681 903 742 administrationem
924 678 972 737 bis
993 680 1109 737 temero
1130 678 1163 735 in
1184 676 1267 736 linnc

167 792 273 853 sedern
294 792 494 853 honorificum
518 793 678 869 irrepserit
700 792 747 868 (p.
771 788 870 867 337.).
913 788 957 849 Ut
978 789 1080 847 serbis
1103 786 1197 847 iidem
1218 786 1266 847 ln-

167 905 268 975 oinnt,
299 902 457 963 decretum
488 903 599 980 prioris
629 904 660 961 in
690 900 838 979 cyrillum
867 901 975 978 synodi
1005 900 1196 960 interserunt
1216 892 1266 975 (ι).

166 1012 274 1089 mn),
303 1013 425 1074 hobitoe
456 1010 549 1073 1638.
594 1014 861 1091 Constantinopoli
892 1012 950 1073 sub
972 1011 1088 1087 Gyrillo
1108 1008 1265 1071 Berrhoe-

166 1126 249 1199 ensi,
270 1126 367 1202 ineius
388 1122 495 1199 cyrilli
518 1142 718 1199 successore,
740 1126 792 1201 qni
815 1142 896 1185 enno
919 1125 992 1201 post
1015 1117 1163 1181 1636111
1185 1120 1265 1183 exei-

164 1234 240 1293 lium
270 1237 380 1295 missus
410 1239 443 1294 et
471 1238 596 1315 gutture
626 1236 743 1295 chordo
766 1236 843 1296 eliso
871 1235 1042 1295 sull'ocntns
1070 1232 1131 1293 eei.
1173 1228 1264 1291 llaec

166 1344 290 1419 quidem
318 1345 455 1421 synodus
483 1346 539 1405 x1.
570 1347 771 1407 anatheniatis
804 1349 835 1406 in
865 1346 1015 1421 cyrillum
1038 1342 1138 1419 elatis,
1167 1358 1264 1419 quee-

165 1472 288 1533 cunqoo
317 1475 336 1516 n
364 1456 481 1531 Cyrillo
512 1461 625 1517 novula
656 1458 833 1519 viderentur
864 1474 951 1531 esso,
980 1455 1103 1534 penitus
1126 1450 1265 1525 metalli,

159 1568 498 1641 praedestinationem,
528 1588 657 1643 operum
687 1570 835 1629 bonorum
866 1570 1056 1639 uanitatem,
1079 1568 1262 1625 sanderum

160 1683 194 1735 et
214 1680 417 1739 traditionum
440 1686 643 1753 contemtum,
672 1682 764 1739 liberi
793 1680 919 1739 arbitrii
945 1686 978 1737 et
998 1684 1119 1753 septem
1148 1690 1261 1735 eccm-

161 1796 334 1849 mentorum
357 1792 614 1865 imminutionem,
642 1794 738 1865 pariis
759 1798 792 1849 ct
812 1792 879 1850 vini
909 1792 943 1849 in
964 1807 1063 1848 coena
1083 1788 1183 1848 encra
1202 1784 1260 1844 irn-

163 1900 419 1975 mutubilitntem,
441 1879 770 1998 eleemosynarnm}
796 1918 926 1977 precum
954 1919 1015 1977 pro
1043 1885 1257 1959 rnortnie'im-

159 2007 381 2083 deciltitotem,
412 2028 475 2085 quo
508 2028 657 2069 concesse
685 1996 812 2087 praeter
841 2010 902 2071 olio
921 2012 1072 2070 ultimum
1101 2008 1260 2085 judicium

158 2116 304 2193 tolletur,
341 2122 509 2197 imaginum
547 2129 729 2181 reiecturum
761 2123 993 2201 neyliyentimns
1043 2121 1153 2179 Altero
1184 2133 1258 2175 roro

157 2228 313 2302 synodus,
342 2230 433 2307 enjus
463 2231 588 2291 decretu
617 2236 805 2309 sequuntur,
827 2232 977 2293 Jnsiensis
1004 2231 1087 2290 dicto
1108 2224 1157 2311 (p.
1175 2224 1256 2286 Ι168.

158 2334 259 2411 lun),
282 2340 339 2398 suh
362 2340 529 2401 Parthenio
550 2342 594 2416 1.,
616 2342 701 2403 Potr.
723 2344 828 2403 Const.
860 2336 949 2403 nonis
970 2332 1258 2419 (loen—loll),
1284 2415 1290 2424 .

159 2451 232 2523 nost
254 2447 367 2525 ploret
382 2450 582 2513 Petriorchos
609 2472 667 2513 sno
692 2459 792 2512 morto
823 2453 982 2527 defuneto,
1006 2450 1099 2513 1642.
1122 2462 1257 2529 congre-

158 2560 232 2635 gate
260 2557 328 2617 luit.
374 2562 443 2639 Quo
464 2564 496 2621 in
518 2584 551 2623 re
574 2563 605 2621 id
626 2566 731 2640 potest
754 2564 915 2624 offensioni
944 2583 1031 2638 esse,
1060 2553 1144 2638 quod
1173 2554 1257 2619 (ion-
1284 2539 1293 2552 Ἰ

131 2745 144 2764 ..
158 2668 356 2746 slnntinopol.
389 2673 475 2733 Putr.
505 2674 632 2735 Jusirun
662 2694 729 2735 cum
758 2688 930 2735 convocare
958 2674 1107 2747 volucrit,
1137 2690 1200 2731 non
1224 2672 1257 2731 in

158 2796 244 2839 sunni
265 2782 382 2841 urbem.
426 2782 575 2843 Dixerunt
596 2786 687 2844 oliam
708 2787 847 2847 nonnulli
867 2790 905 2845 ut
926 2786 1108 2846 Consortins
1128 2784 1159 2841 in
1181 2723 1288 2868 cog?

156 2891 296 2949 ciliorum
320 2892 521 2969 collectione,
545 2915 623 2971 quse
653 2895 767 2971 prodiit
787 2898 886 2957 Poris.
911 2893 1004 2955 ltili.
1029 2914 1074 2971 sq.
1097 2896 1130 2953 et
1151 2893 1254 2953 Cubu-

157 3004 261 3061 eutius
279 3002 310 3061 in
327 3004 437 3063 notitia
458 3005 570 3066 eccles.
592 3008 799 3082 historiarum,
821 3008 1003 3092 conciliorn·
1043 3009 1076 3066 et
1098 3021 1252 3065 mnonum

159 3114 220 3170 otc.
251 3130 330 3187 quae
359 3114 503 3195 Lugduni
525 3120 647 3177 exorato
671 3121 719 3177 est
743 3114 835 3179 1686.
878 3025 1249 3191 Constohopolitenesn

156 3240 219 3282 non
251 3221 440 3299 luniensem,
471 3226 511 3286 od
543 3246 621 3303 quos
650 3228 799 3289 accedere
828 3229 917 3289 rideo
950 3227 1141 3288 Graecorum
1174 3230 1250 3286 tunc

155 3335 303 3410 temporie
334 3335 541 3396 doctissimum
570 3341 754 3413 Ausonium,
784 3339 968 3399 monachum
994 3339 1166 3410 constent,
1188 3335 1249 3413 Cy-

155 3446 225 3505 rillo
253 3448 380 3506 maxime
410 3431 580 3522 intensioni,
609 3451 661 3525 qui
690 3452 722 3509 in
751 3450 865 3525 literis,
896 3444 1022 3511 editioni
1044 3448 1116 3507 unni
1143 3442 1248 3519 1645,

155 3575 251 3634 supro
280 3575 312 3633 p.
341 3558 431 3617 xlv.
463 3562 668 3637 memor-stne,
696 3560 884 3637 interjectio,
914 3560 1005 3637 cujus
1027 3558 1177 3617 lectiones
1200 3558 1248 3615 in-

153 3668 202 3726 ire
223 3668 314 3728 eliani
337 3670 407 3727 unni
430 3689 557 3729 numero
571 3670 717 3751 insignire
739 3672 849 3745 lubuit,
865 3673 948 3746 dinit,
971 3667 1123 3745 synodum
1145 3664 1244 3725 turui-

152 3776 197 3829 tiu
216 3778 237 3837 i.
250 3798 288 3876 ρ.
308 3780 339 3837 in
360 3780 419 3839 hoc
441 3781 518 3841 urbe
539 3780 806 3859 constantinopoli
827 3785 1044 3863 congregatum
1066 3774 1173 3839 inisse.
1207 3778 1248 3837 Et

22 3911 25 3918 ·
152 3868 242 3964 ipsud
254 3879 500 3967 iulrscriptionee
522 3894 705 3971 coarguunt,
721 3890 986 3970 Constantinopoli
1007 3891 1091 3950 hunc
1113 3908 1247 3949 couren-

150 4002 216 4058 tnin
237 3998 373 4060 habiturn
396 4001 500 4063 luisse.
538 4004 668 4063 Preelcr
689 4004 852 4081 opiscopos
874 4005 954 4064 onim
977 4006 1008 4061 ot
1030 4003 1106 4061 ulios
1127 4018 1246 4078 pancos

149 4112 271 4172 nomino
301 4110 451 4174 dederunt
473 4114 542 4175 XX.
566 4114 639 4191 riri,
671 4116 723 4191 qni
746 4116 786 4175 od
814 4134 958 4202 mannum
982 4116 1151 4175 ecetesiam
1174 4114 1194 4172 i.
1218 4130 1245 4171 e.
