2596 4710
98 328 186 383 aare
478 310 803 405 Prologcmena.

94 495 278 576 wenseldio,
312 496 400 575 cujus
414 506 563 557 'nauseam
583 498 753 576 peregrinis
776 498 808 556 et
829 496 990 559 mdssimls
1011 498 1099 560 ibris
1122 500 1190 577 pla-

95 628 168 669 num
188 609 257 682 luit,
279 608 433 685 exemplar
453 611 616 684 acceperat
637 608 849 687 confessionis,
872 609 955 685 qnod
976 610 1049 670 huic
1062 610 1188 669 lilosca-

95 724 158 782 sita
186 718 391 779 nobilissimus
422 716 598 776 donaverat.
641 717 835 778 Narmanuus
864 720 1047 780 festinanter
1069 719 1187 779 descri-

95 834 160 910 psit
180 833 213 891 et
232 832 266 891 iu
285 829 422 909 linguam
451 828 576 888 latinam
606 829 706 888 vertit.
748 829 819 890 Fuit
840 832 934 911 igitur
955 830 1027 891 edit.
1051 832 1120 890 siue
1143 829 1188 890 la·

95 945 161 1003 tina
180 960 274 1015 vers,
295 940 328 999 iu
348 956 419 1016 qua,
439 940 477 997 ut
497 936 593 1012 addit,
616 940 736 1018 paginis
755 941 889 1001 adversis
912 946 944 1001 et
961 942 1084 1001 Graeca
1105 942 1187 1018 typis

96 1056 220 1116 morata
241 1054 273 1113 et
294 1050 457 1112 slavonica
478 1048 596 1110 calamo
619 1049 774 1128 descripta
794 1052 1000 1125 haberentur,
1031 1069 1107 1131 ergo
1131 1068 1196 1111 nea·

95 1160 324 1225 Amsiclodama
352 1178 411 1221 nec
441 1160 792 1237 Constantinopolitano.
835 1164 904 1222 lam
936 1180 1008 1222 aero
1038 1160 1186 1240 Upaalam

94 1276 179 1335 venit
199 1270 382 1349 bibliopola,
414 1272 467 1347 qui
495 1271 549 1331 uhi
576 1271 651 1330 vidit
679 1272 867 1331 rarissimum
901 1273 1030 1346 librum,
1068 1290 1185 1332 summo

94 1404 189 1464 opere
209 1386 309 1464 rogat,
330 1384 368 1440 nt
387 1382 446 1458 ipsi
467 1382 549 1457 typis
571 1380 806 1441 describendum
833 1384 1050 1444 committatur.
1092 1380 1185 1443 llaud

93 1496 201 1557 abnuit
220 1493 424 1554 liormannna.
466 1490 510 1550 At
530 1491 582 1551 ille
610 1494 685 1568 post
711 1493 876 1553 triennium
905 1492 982 1553 nihil
1012 1494 1073 1555 uisi
1093 1494 1186 1555 verba

93 1606 195 1681 dedit3
217 1606 384 1666 lrmhatue
404 1602 464 1662 luit
486 1602 595 1661 doctus
616 1604 672 1663 vir.
716 1604 807 1662 Venit
824 1606 945 1663 interim
961 1604 1183 1683 liberlipsiam
1211 1598 1220 1687 l

92 1718 133 1779 ad
153 1719 304 1779 Adamum
326 1714 614 1792 Reeheaberpiam,
636 1715 689 1790 qni
712 1694 785 1790 auid
805 1715 884 1774 libro
906 1716 1031 1794 lecerit,
1054 1734 1117 1775 non
1137 1734 1184 1775 aa·

92 1830 133 1889 tis
154 1829 261 1904 liquet.
305 1826 412 1885 Eidem
433 1824 667 1903 Rechenbergio
698 1843 823 1903 magnas
845 1826 1038 1886 Narmannns
1067 1828 1103 1885 ut
1122 1825 1183 1886 edi-

92 1940 185 1999 tionis
208 1955 282 1996 suae
306 1936 438 2012 adjutori
468 1934 561 1993 habet
585 1935 718 2013 gratias,
748 1955 808 1994 non
833 1936 967 2009 addens,
1002 1955 1065 2012 quo
1093 1940 1182 2014 pacta

93 2050 154 2127 ipsi
175 2047 335 2107 auxiliatus
357 2046 459 2104 luerit.
502 2045 581 2103 itliro
604 2063 675 2103 vero
690 2046 755 2104 lato
772 2045 895 2119 occidit,
917 2048 953 2104 ut
968 2046 1077 2106 eedem
1094 2064 1182 2121 auno,

93 2176 156 2237 qao
176 2156 369 2219 Normannus
392 2173 478 2214 suam
501 2154 572 2213 edit.
598 2156 628 2213 in
651 2154 752 2215 lucem
774 2158 874 2231 misit,
897 2161 1025 2234 accepto
1049 2178 1085 2217 ex
1108 2156 1178 2217 Bel-

94 2272 156 2351 gia,
182 2286 218 2327 ex
239 2266 423 2325 bibliotheca
445 2265 623 2342 Ryclriana,
654 2266 751 2327 altero
775 2267 955 2343 exemplari,
985 2270 1084 2329 inscio
1107 2268 1181 2329 linr-

93 2397 216 2453 manno,
240 2377 337 2437 altera
358 2378 450 2436 editio
470 2376 626 2455 prodirct3
649 2378 756 2437 eodem
770 2377 871 2451 titulo,
893 2379 1000 2438 iisdem
1018 2380 1112 2457 typis,
1134 2380 1183 2439 lis·

93 2489 164 2551 dem
188 2490 343 2548 erroribus
375 2489 437 2547 sire
461 2490 689 2568 typographicis
723 2491 784 2547 sire
807 2491 1046 2564 antiquioribus,
1077 2490 1182 2549 iisdem

92 2602 213 2682 paginis
236 2603 269 2659 et
291 2600 354 2657 suis
377 2602 410 2657 et
431 2598 470 2657 ad
493 2602 659 2679 marginem
684 2598 856 2676 adscriptis,
879 2600 985 2659 iisdem
1002 2602 1084 2660 notia
1105 2620 1183 2661 mar·

94 2713 255 2792 ginalibus,
279 2711 384 2770 cadem
406 2711 475 2786 equi
498 2710 629 2769 toleratis
651 2709 751 2790 ligura
782 2709 871 2769 titulo
901 2712 1068 2787 impressa,
1100 2712 1182 2772 deni·

95 2842 154 2899 que
184 2823 281 2882 altera
311 2821 400 2881 alieri
428 2822 470 2879 ita
499 2822 622 2895 similis,
652 2824 686 2879 ut
717 2840 797 2879 unus
827 2819 905 2879 liber
935 2820 1076 2881 rideatur
1106 2842 1180 2883 esse.

93 2932 197 2991 Habet
219 2935 349 3008 uterque
371 2932 455 2990 hunc
478 2931 620 2989 titulum:
651 2932 836 2991 orthodoxa
865 2929 1023 3007 consessio
1054 2934 1181 2994 cathali·

93 3062 151 3102 cue
173 3050 266 3121 atque
290 3044 421 3117 apostol.
445 3044 600 3101 ecciesiae
624 3042 802 3114 orientalis,
826 3060 917 3119 petam
939 3060 1009 3103 caen
1030 3047 1182 3123 interpre-

91 3156 209 3213 tatione
228 3155 326 3212 intiba
346 3157 480 3229 priimam
503 3156 567 3212 edit
587 3153 782 3215 Laurentius
804 3153 1013 3215 Normanaus.
1041 3156 1182 3233 Lipsiae,

91 3266 180 3340 apud
206 3265 261 3324 Tb.
284 3265 400 3324 Friscb
431 3262 523 3323 1695.
569 3263 681 3323 Differt
711 3266 841 3338 uterque
872 3264 951 3323 liber
988 3284 1025 3325 co
1055 3270 1183 3343 iatam

93 3376 176 3454 quod
196 3393 269 3434 vera
289 3374 455 3434 harmanni
477 3374 559 3447 adis,
583 3373 694 3434 carolo
714 3373 790 3447 XL,
821 3376 950 3434 Sanciae
971 3374 1070 3457 Regi,
1101 3376 1210 3443 dedl-'¹

92 3492 172 3565 cata,
194 3485 384 3564 praelatione
406 3486 558 3563 instructa
580 3490 637 3559 est,
663 3503 723 3560 qua
741 3483 778 3543 de
795 3486 971 3547 catechismi
990 3488 1164 3598 auctorita..

93 3599 132 3661 de
154 3599 337 3659 editionibus
360 3598 392 3656 et
412 3597 480 3655 aliis
504 3616 522 3655 a
542 3596 718 3657 dormanno
742 3595 934 3671 disputatur;
966 3598 999 3655 iu
1029 3596 1112 3659 falsa

90 3712 184 3768 tem'
177 3729 242 3787 ipse
265 3706 431 3783 bibliopola
453 3708 612 3785 praelatus
635 3710 692 3780 est,
716 3725 748 3764 se
774 3709 931 3784 accepisse
948 3708 1083 3782 Lipsiae

92 3823 251 3893 superiori
272 3819 513 3895 marruscriptum
538 3818 611 3877 ab
597 3838 667 3893 apso
689 3819 885 3894 Normnuao,
907 3819 1134 3895 praelationem
1152 3780 1201 3881 ff

95 3930 462 4006 scripturusnpollici105
497 3928 535 3988 de
561 3947 737 4005 qucquam
761 3948 822 3986 non
845 3932 983 4007 constet,
1004 3949 1079 3991 uum
1102 3932 1186 3991 inca-

93 4037 184 4099 lumis
216 4040 338 4098 doraum
368 4041 493 4100 redierit
515 4058 554 4098 an
577 4040 720 4116 perierit,
751 4058 784 4098 sc
813 4040 925 4099 librum
955 4042 1020 4101 sine
1042 4044 1186 4123 prolego-

93 4152 190 4209 menis
214 4168 297 4208 nunc
319 4152 456 4209 emittere
481 4170 571 4226 quam
603 4152 750 4209 remorari
773 4150 875 4210 malle.
921 4153 1006 4226 Quae
1031 4172 1127 4229 quunr
1149 4152 1186 4213 ah

94 4262 150 4334 iis,
173 4277 252 4336 quaa
274 4258 467 4321 Nornrannus
489 4264 555 4339 ipse
579 4261 617 4321 da
639 4278 791 4320 manuscr.
817 4265 900 4321 sorte
922 4266 1036 4340 narrat,
1057 4278 1220 4371 proruat„¹⁴

1203 4374 1220 4413 a
