2596 4710
159 308 246 357 xxvi
377 308 382 319 ·
546 284 867 375 Prologomenn.

36 450 48 495 ¹⁸
160 471 244 533 Alex.
275 471 349 532 iiiuc
381 472 504 530 missum
534 469 629 528 tuisse
663 466 745 527 ‹iieit
789 467 879 526 liene
912 465 1032 543 quietem
1063 469 1249 548 legationem

159 601 228 644 eum
258 583 430 659 suscepisse
459 581 546 640 ennio
578 576 670 639 tuti.
699 580 731 638 et
755 574 857 650 totu,
887 582 982 638 testes
1003 583 1076 638 sunt
1097 581 1249 656 epistotae

159 712 254 770 supro
273 695 403 766 citetne3
436 693 466 750 tn
496 691 606 767 quibus
636 689 675 747 sb
704 688 763 748 hoe
784 688 915 749 molesto
939 690 1047 749 ttinere
1079 709 1124 768 se,
1155 710 1248 768 quum

159 801 317 865 celerrime
339 802 405 862 tieri
427 800 542 876 possit,
575 799 686 858 reverti
716 796 794 859 veile
817 798 985 880 significet,
1015 803 1050 859 ut
1071 800 1168 860 libros
1190 803 1250 861 sibi

158 916 353 975 transmissos
376 930 437 970 non
459 912 575 969 cursim
603 908 659 968 sed
681 911 766 970 serio
794 906 936 991 legnt1).
978 910 1028 972 sd
1049 911 1131 972 lares
1152 913 1250 973 redux

155 1038 192 1085 'se
222 1023 262 1084 od
287 1022 443 1083 Meletium
474 1019 607 1100 Pogon,
644 1037 705 1095 quo
730 1019 795 1096 jum
828 1025 1030 1100 praeceptore
1059 1042 1129 1082 eurn
1158 1042 1249 1082 usum

159 1134 253 1195 tuisse
275 1133 412 1210 conjeci,
441 1147 509 1188 sese
532 1125 729 1208 eontulit²);
760 1131 808 1188 eni
827 1129 891 1206 jam
915 1132 953 1190 eb
972 1132 1121 1208 juvenilis
1147 1133 1250 1193 studio

157 1244 305 1321 probatus
326 1243 370 1302 tto
390 1258 458 1300 sese
481 1239 719 1312 commendavit,
751 1244 787 1298 ut
813 1241 853 1298 ob
875 1243 943 1319 ipso
964 1243 1045 1302 inter
1069 1246 1248 1305 secerdotes

157 1356 301 1431 receptus
331 1357 363 1411 et
390 1349 494 1427 ponito
525 1354 596 1426 post
617 1348 881 1410 Archimundritse
911 1352 1027 1413 honoro
1058 1359 1168 1414 suctus
1200 1357 1247 1417 sit

157 1463 220 1524 Sed
241 1481 309 1523 mox
330 1461 369 1522 sd
404 1460 521 1537 majore
541 1458 723 1520 Petriereho
753 1459 877 1520 doctum
908 1466 939 1521 et
968 1466 1128 1523 strenuum
1151 1468 1248 1525 virum

157 1574 304 1635 adhibuit.
347 1574 449 1650 Quum
479 1570 559 1629 euim
590 1571 715 1630 ineunte
745 1570 861 1631 soeculi
881 1572 961 1632 XVI.
993 1572 1101 1633 ultime
1131 1575 1248 1636 decade

157 1685 294 1745 Graecae
317 1681 459 1754 scholae,
492 1699 572 1758 quse
593 1680 700 1741 Viluse
722 1679 844 1753 floruit,
874 1685 957 1741 esset
977 1686 1098 1759 rector,
1128 1670 1248 1748 Penios

156 1795 281 1875 Scorpo
296 1789 349 1871 ⁸),
377 1793 431 1867 qui
463 1789 522 1850 iuit
543 1811 579 1852 ex
600 1791 787 1850 Jesuitsrum
815 1789 976 1866 sodalitio,
1006 1792 1038 1853 11
1070 1795 1247 1871 elaboravit,

155 1911 208 1978 nt,
240 1921 319 1980 quse
340 1896 534 1961 liuthenieoe
554 1902 729 1977 provinciae
752 1901 946 1979 sigismundo
967 1902 1036 1976 111„
1057 1904 1248 1967 Polonorum

157 2017 232 2094 regi,
257 2013 416 2088 subjectae
438 2013 562 2084 essent,
577 2008 610 2069 iu
632 2010 669 2068 iis
691 2010 860 2069 orthodoxo
889 2011 1019 2073 ecclesio
1048 2034 1118 2075 curn
1141 2019 1248 2078 entire·
1295 1994 1297 2003 Ι

156 2124 216 2184 lica
245 2122 443 2182 coalesceret.
489 2120 576 2196 Quae
605 2119 727 2196 quidem
757 2122 830 2180 unio
862 2141 955 2198 quum
983 2127 1050 2204 regi
1082 2126 1248 2188 admodo·

155 2232 310 2311 placeret,
332 2232 445 2309 quippe
467 2231 519 2307 qui
541 2229 610 2290 iilos
632 2231 773 2310 regiones
794 2248 833 2291 eo
857 2233 1058 2309 subjectiores
1084 2237 1153 2297 iore
1176 2252 1248 2316 spe·

155 2346 249 2417 reret,
268 2341 380 2420 partim
402 2341 430 2401 vi
452 2341 563 2417 partim
585 2339 658 2400 doio
680 2341 822 2400 coniecto
839 2346 896 2402 ost.
940 2344 1109 2405 Cesserunt
1127 2347 1246 2410 Ruthe-

155 2448 425 2517 noru'm'uonnulli
446 2451 601 2530 episcopi,
624 2469 662 2510 uo
684 2454 812 2531 propter
835 2452 1011 2534 religionem
1035 2455 1073 2516 de
1097 2457 1246 2539 dignitate

251 2572 268 2625 ⁸
286 2596 291 2603 .

154 2630 384 2657 ..-...,,-

225 2719 251 2787 1)
271 2715 384 2773 Lettres
401 2715 554 2771 miscentes
569 2734 595 2788 p.
613 2720 670 2773 160.
706 2714 777 2771 Puto
799 2717 835 2770 ob
851 2723 1046 2777 controversias
1070 2723 1096 2775 in
1114 2723 1160 2777 iiio
1176 2734 1246 2780 terro

155 2806 223 2858 inter
240 2798 380 2858 Romanos
400 2811 425 2856 et
441 2801 560 2855 Graecos
583 2812 688 2856 exortus
713 2812 740 2856 et
762 2803 859 2858 diutius
882 2823 974 2876 paeetn
997 2807 1153 2879 turbontes³
1172 2820 1244 2865 certe

154 2888 262 2947 obrem
272 2889 386 2959 oltqunm
402 2886 436 2941 od
454 2887 592 2941 eeclesiam
608 2896 781 2959 spectantem,
797 2889 847 2943 iter
857 2906 917 2943 eum
931 2890 1027 2946 iecisse
1041 2893 1119 2964 jussu
1128 2896 1244 2949 Alexan-

153 2974 220 3029 «irini
236 2969 415 3029 Potriorciroe.
451 2969 528 3024 Hunc
541 2971 610 3024 enim
633 2970 659 3024 iu
673 2969 726 3025 hoc
741 2981 799 3025 toto
814 2989 912 3042 genere
926 2974 1035 3030 otiorum
1059 2980 1134 3048 qttensi
1153 2989 1241 3034 custo·

153 3059 214 3113 dem
232 3058 332 3125 inisse,
350 3064 376 3110 et
392 3055 531 3124 sequentis
546 3054 643 3108 elocent
663 3064 690 3109 et
708 3057 765 3125 ipse
780 3054 891 3126 Cyriiius
910 3057 981 3125 dicit,
999 3059 1113 3117 lettres
1126 3083 1154 3135 p.
1169 3068 1243 3121 150.:

153 3142 237 3217 Quod
254 3144 278 3199 si
295 3142 357 3214 quid
378 3140 549 3212 praeterirent
575 3139 680 3210 (reliqui
703 3141 857 3212 episcopi),
875 3140 1052 3213 Aie1.juder
1076 3156 1118 3200 est
1142 3149 1243 3202 vicinus

150 3210 362 3301 iiti'tiffitondum
377 3236 405 3280 et
420 3225 601 3295 corrigendum
621 3243 663 3290 ea,
681 3226 793 3279 maxime
809 3242 876 3295 qrtne
892 3226 926 3279 ud
948 3225 1029 3282 iidem
1045 3240 1175 3299 spectant.

218 3314 248 3383 2)
267 3312 495 3385 Enpelhardtius
518 3308 551 3363 11.
566 3307 600 3364 E.
616 3305 661 3362 tii.
685 3314 727 3366 96.
754 3309 831 3374 dicit,
856 3307 995 3364 Meietium
1017 3312 1120 3369 Pntuvii
1150 3320 1243 3372 struitis

149 3396 320 3463 incubuisse,
338 3404 363 3450 et
383 3395 613 3466 Constantinopoli
631 3411 739 3449 munere
759 3395 854 3448 eccies-
879 3405 955 3466 gesto
978 3399 1012 3452 od
1033 3397 1243 3457 Putriorchutum

151 3482 228 3539 Alex.
243 3495 368 3537 vocatum
390 3499 459 3535 esse.
493 3484 625 3535 Aunores
646 3496 698 3557 ego
717 3482 821 3551 ignoro,
837 3480 880 3548 qui
897 3482 959 3535 uilis
976 3483 1137 3537 tradiderint.

218 3567 249 3639 3)
268 3565 346 3620 Hune
360 3576 432 3621 certe
448 3566 538 3619 dicunt
551 3564 771 3639 Repennolseiuo·
786 3562 819 3617 u.
834 3562 867 3618 E.
883 3566 994 3621 Slavon.
1010 3586 1036 3639 p.
1048 3572 1108 3625 tos.
1145 3565 1244 3625 Sunii

55 3688 61 3704 .
152 3650 297 3707 collectan.
321 3650 356 3706 de
381 3650 481 3725 Cyniio
504 3648 601 3706 Lucan
623 3655 697 3708 1707.
723 3667 749 3722 p·
766 3654 808 3706 56.
846 3650 992 3722 Alepmb.
1015 3650 1145 3707 Biblioth.
1175 3664 1242 3727 potr.

150 3754 208 3790 noc.
223 3738 279 3792 Jes.
302 3755 325 3794 s·
343 3753 414 3793 voce
431 3732 554 3810 Scorpo.
589 3735 773 3790 Recentissimi
794 3735 873 3805 ntiqui
894 3752 981 3790 rerum
1004 3739 1244 3793 ecclesiastieorum

150 3830 274 3891 suctores
291 3820 487 3888 Possentnum,
505 3830 624 3890 argutum
644 3831 734 3875 cetero
752 3818 896 3887 hominem,
915 3821 985 3876 inico
1006 3824 1095 3879 dicere
1110 3824 1243 3879 videntur.

149 3903 264 3959 Multum
283 3902 427 3981 Seoryum
447 3909 474 3962 in
489 3906 584 3964 nunu
600 3905 635 3958 ed
650 3905 789 3959 itonam
811 3907 941 3962 ecelesiae
965 3910 1090 3979 gremium
1112 3909 1243 3964 redueen-

150 3990 191 4045 uis
209 4000 343 4045 uersatum
361 4010 439 4064 esse,
464 3994 544 4048 docet
568 3992 646 4046 etiem
663 3991 746 4059 iiber,
776 4008 853 4062 queo·
877 3993 912 4048 de
933 3993 1081 4048 Russorutn
1105 3996 1243 4050 erroribus

149 4087 176 4130 et
191 4076 301 4139 coensis,
319 4089 430 4150 propter
451 4096 518 4150 quos
538 4077 664 4132 Graecia
678 4076 799 4131 &inuno
822 4078 936 4134 ecclesio
950 4079 1113 4146 deiecerunt,
1133 4098 1244 4151 compo·

149 4164 209 4217 stit.
243 4161 353 4233 Legitur
371 4167 397 4219 in
417 4162 559 4220 Latztztkt
575 4179 691 4234 corpore
712 4163 870 4235 scriptorum
894 4165 928 4220 (1ο
946 4165 1111 4229 [iussorum
1131 4166 1244 4222 Mosco-

152 4251 273 4306 nitur-en
291 4257 318 4305 et
334 4247 503 4305 futororum
519 4249 654 4321 reiigione.
690 4250 786 4322 Spirae
804 4254 880 4308 1582.
