2596 4710
163 303 186 367 6
427 298 635 368 Gennadii
670 297 895 368 Confessio
945 295 978 368 1.'

164 478 240 560 ium,
268 498 333 542 non
353 477 543 565 pronunciat
564 487 669 544 autem
691 500 750 564 per
770 477 870 560 labia,
893 475 954 542 sed
979 487 1152 543 conservat
1174 501 1241 546 ser-

165 608 294 655 monem
313 586 402 653 iiium
422 587 455 653 in
470 588 596 676 gremio
619 588 743 653 animae
764 598 798 652 et
817 598 869 652 est
888 586 942 653 itta
963 586 1118 673 cogitatio
1141 589 1242 675 prima

165 696 298 763 ammae.
338 696 518 763 Productio
539 706 648 764 tamen
668 706 702 763 et
723 698 752 763 si
771 697 946 779 formatur,
977 716 1086 762 sermo
1107 697 1242 782 primm

164 805 389 872 tormauonem
417 807 534 890 babet,
562 806 690 896 quando
721 816 828 873 autem
848 806 916 871 rult
946 803 1154 872 manifestare
1175 817 1242 874 aar·

164 937 305 997 monem
324 924 400 981 torno
420 915 547 982 format
589 916 741 984 Secunda
763 924 869 983 autem
890 900 1044 980 ’formatio
1062 925 1115 982 est
1137 938 1178 982 ex
1198 917 1245 985 ir<

166 1026 238 1093 biis.
279 1027 371 1091 Haeo
399 1034 506 1091 autem
535 1027 680 1093 secunda
707 1026 857 1093 formatio
889 1025 1047 1091 labiorum
1077 1035 1131 1092 est
1158 1037 1242 1111 unna

166 1134 297 1223 quando
319 1157 431 1201 omnes
453 1134 585 1202 audiunt
604 1159 787 1203 sermonem
805 1144 839 1201 et
855 1135 1076 1201 manifestatur
1097 1137 1243 1204 omnibu

166 1251 201 1310 et
228 1266 294 1311 uon
326 1244 463 1333 amplius
496 1245 613 1313 dieitur
647 1245 856 1312 absconditus
886 1267 994 1310 serrnm
1025 1245 1087 1312 sod
1121 1245 1238 1316 clarus.

166 1351 304 1436 Quando
333 1376 411 1421 vero
442 1366 616 1445 generatur
643 1362 776 1422 sermoi
806 1354 965 1423 Videlicet
992 1353 1122 1442 quando
1151 1356 1243 1423 labi‘u
1280 1434 1284 1439 .

167 1462 369 1547 articulatur,
411 1475 445 1532 et
471 1465 587 1532 dieitur
618 1465 699 1535 base
727 1466 877 1532 formatio
898 1487 959 1552 per
988 1463 1071 1530 iabiu
1103 1466 1246 1535 secun&

165 1571 316 1640 formatio
344 1577 514 1643 sermonis.
555 1578 669 1665 ltaque
698 1575 785 1643 duae
809 1586 884 1641 sunt
910 1575 1055 1663 origines
1074 1577 1243 1649 mononis

166 1684 280 1768 nostri,
299 1707 364 1752 una
382 1709 422 1753 ex
443 1688 566 1768 anima,
588 1685 716 1776 quando
737 1686 864 1774 cogitat
883 1705 1086 1767 sermonem,
1114 1695 1245 1773 quaeat

165 1795 269 1882 prima
288 1796 439 1863 formatio
460 1796 586 1881 dieitur,
606 1797 707 1863 altera
727 1819 805 1861 vero
828 1818 868 1861 ex
890 1793 999 1876 labiis,
1019 1815 1102 1880 quae
1120 1802 1161 1859 et
1182 1817 1246 1862 na·
1287 1848 1290 1853 .

167 1904 297 1971 nifestat
317 1928 500 1972 sermonem
513 1907 546 1972 in
561 1900 708 1971 omnibus
728 1905 910 1972 bominibus
924 1913 958 1969 et
973 1902 1090 1969 dieitur
1103 1901 1246 1969 seeundo

165 2012 326 2078 formatio.
367 2013 512 2101 Adspice
533 2014 649 2102 igion:
680 2013 949 2103 quemadmodum
969 2034 1079 2079 sermo
1109 2010 1247 2079 bominis

167 2121 249 2187 duas
270 2124 415 2211 origines
432 2124 545 2208 habet,
575 2145 671 2190 unam
692 2146 732 2190 er
753 2126 875 2207 anima,
906 2124 1045 2189 alterum
1067 2145 1108 2188 ex
1136 2121 1245 2202 labiim

166 2233 211 2300 itu
230 2243 264 2300 et
282 2235 414 2300 verbum
434 2234 495 2301 Dei
516 2233 598 2300 duas
618 2234 846 2323 generationes
870 2234 976 2316 habet,
996 2255 1094 2313 unam
1111 2254 1152 2298 ex
1172 2234 1245 2298 Doo

167 2352 271 2430 patre,
292 2365 375 2431 quae
398 2353 431 2410 et
449 2345 553 2431 prima
573 2342 691 2410 dicitur
711 2344 890 2433 generatio,
911 2353 944 2409 et
965 2343 1099 2409 aiteram
1112 2363 1154 2407 ex
1175 2348 1245 2408 our-

167 2475 219 2538 ue,
242 2477 324 2541 quae
347 2463 381 2520 et
400 2453 543 2519 secunda
563 2451 680 2519 dicitur
701 2453 878 2543 generatio.
920 2453 964 2518 Et
978 2450 1247 2539 quemadmodum

167 2586 276 2630 sermo
297 2573 419 2648 noster,
440 2573 473 2629 et
494 2564 523 2629 si
552 2563 725 2648 formatur,
754 2563 888 2651 primam
910 2561 1069 2649 originem
1089 2560 1188 2628 babet
1208 2562 1246 2627 ab

167 2674 289 2754 anima,
310 2683 450 2741 attamen
470 2696 536 2739 non
556 2682 608 2739 est
628 2673 732 2756 clara,
753 2695 813 2739 neo
834 2672 1075 2755 manifestator,
1107 2671 1169 2737 sed
1190 2673 1248 2737 ite·

167 2806 238 2850 rum
266 2792 343 2871 post
366 2783 590 2849 formationem
619 2792 726 2848 manet
754 2782 786 2848 in
815 2782 941 2871 gremio
970 2781 1112 2862 animae;
1143 2782 1193 2847 sio
1215 2790 1247 2847 et

132 2903 141 2914 “
166 2895 299 2961 verbum
319 2893 391 2977 Dei,
411 2894 556 2980 quamvis
578 2903 686 2959 natum
701 2902 752 2959 est
773 2903 847 2959 ante
869 2891 999 2957 saecula
1017 2891 1122 2956 aDeo
1137 2891 1246 2974 Patre,

167 3003 311 3070 nonfuit
331 3013 438 3069 nmen
459 3002 661 3068 manifestum
682 3001 873 3085 hominibus,
895 3000 955 3068 sed
975 3000 1035 3066 suit
1054 3001 1088 3066 iu
1109 3010 1244 3089 paterno

167 3112 303 3199 gressio,
351 3110 630 3191 Quemadmodum
652 3133 760 3177 sermo
782 3122 911 3196 noster,
939 3109 1067 3201 quando
1089 3110 1248 3198 volumus,

166 3221 325 3287 formatur
346 3243 386 3286 ex
408 3222 500 3288 labiis
531 3221 668 3302 nostris,
700 3231 733 3286 et
761 3222 983 3288 manifestatur
1012 3221 1163 3287 omnibus
1192 3220 1248 3288 ad-

166 3331 345 3398 stantibusz
365 3332 410 3398 ita
438 3331 584 3397 similiter
604 3342 638 3396 et
657 3332 800 3400 Verbum
821 3333 903 3411 Dei,
925 3331 1054 3419 quando
1076 3334 1161 3398 bene
1181 3332 1248 3419 pla·

165 3442 249 3526 cuit,
278 3451 386 3509 natum
407 3451 460 3506 est
492 3440 592 3522 (sieut
611 3463 652 3507 ex
673 3441 765 3507 labiis
786 3443 1016 3529 prophetorum
1038 3441 1098 3506 fuit
1120 3441 1249 3528 praedi·

165 3554 269 3641 etum)
302 3577 341 3619 ex
372 3561 485 3618 saneta
513 3551 637 3640 virgine
657 3552 760 3619 Maria
792 3561 826 3617 et
854 3561 930 3617 tuno
958 3550 1163 3618 manifestum
1192 3551 1250 3617 suit

166 3672 235 3730 toto
256 3664 337 3729 orbi.
359 3659 660 3743 .Quemadmodum
689 3662 774 3729 enim
802 3662 1025 3728 manifestatur
1053 3683 1164 3726 sermo
1194 3684 1248 3728 no·

166 3783 253 3858 ster,
284 3796 381 3862 quum
411 3771 454 3836 sit
481 3779 575 3836 naon
605 3794 644 3837 ex
677 3772 770 3839 labiis
799 3772 937 3851 nostris;
967 3772 1012 3837 ita
1044 3781 1077 3836 et
1105 3771 1249 3839 Verbum

29 3914 33 3921 ·
82 3965 84 3969 ι
166 3882 227 3948 Dei
248 3891 357 3948 numm
378 3890 490 3947 estex
511 3901 609 3945 earne
630 3891 762 3946 sanotae
782 3882 934 3970 virginis,
955 3904 994 3947 ae
1013 3882 1248 3948 manifestatum

167 4000 220 4058 est
239 3992 300 4058 toti
320 3991 402 4074 orbi,
422 3989 528 4078 etqui
549 3989 695 4072 credunt,
722 3990 754 4055 in
776 4012 816 4055 eo
845 3992 924 4058 salvi
945 4000 1029 4057 sunt
1073 3992 1116 4056 Et
1138 4014 1248 4078 quem-

166 4100 340 4169 admodum
371 4123 479 4166 sermo
508 4111 638 4182 noster,
671 4099 798 4187 quando
828 4101 985 4167 formatur
1007 4125 1026 4167 a
1048 4101 1160 4183 labiis,
1190 4124 1247 4166 nee

165 4214 208 4278 ab
228 4211 331 4278 anima
352 4209 464 4290 deest,
488 4234 547 4276 nee
573 4209 700 4277 aiabiis
722 4211 890 4277 nostriset
909 4214 940 4277 in
962 4211 1093 4278 auribus
1116 4210 1245 4278 audieu-
