2596 4710
164 338 275 389 xxxvi
543 312 872 410 Prologomoas·

165 505 205 565 sd
226 503 383 576 Doridem,
404 503 438 561 in
458 501 568 562 itinera
591 505 781 576 remantem,
803 500 893 574 data,
922 501 1069 576 quiante
1091 498 1130 559 ds
1154 498 1271 561 Coena·

166 615 288 677 Domini
309 612 348 673 ad
368 612 601 687 Patriarcbam,
629 616 694 672 tres
726 629 795 672 essa
828 611 1007 689 opiniones,
1040 610 1255 682 Romanorum,

167 725 434 798 lutheranorum,
454 722 702 783 orthodoxorum
724 725 926 801 exposuerat,
947 722 1081 783 breviter
1102 718 1153 781 sel
1173 720 1255 780 ‹lissi-

169 836 321 897 mulantes
348 835 398 895 sel
426 832 614 895 haesitanter
646 834 821 912 rescripsit,
850 836 943 893 istam
965 853 1002 893 se
1029 827 1129 910 sequi.
1174 831 1256 909 Qua

168 966 241 1008 sero
265 950 329 1006 ista
350 948 399 1021 sit,
422 962 531 1022 parurn
552 943 660 1020 liquet.
686 945 749 1004 lie
773 963 835 1022 qua
852 946 978 1021 spinosa
999 943 1181 1021 quaestione
1202 939 1255 999 iai·

170 1061 212 1120 tia
235 1057 368 1132 Cyrillus
389 1058 457 1132 ipse
479 1074 541 1113 non
563 1055 620 1113 sibi
652 1057 826 1115 constitisse
847 1055 988 1132 ridetnr3
1018 1072 1119 1129 neque
1141 1054 1174 1111 in
1202 1051 1256 1110 bac

169 1184 269 1245 neque
291 1169 323 1225 in
346 1166 493 1243 ampliore
514 1166 568 1225 illa
591 1165 680 1243 epist.
703 1162 994 1246 (p.1tt.)1)‚u·rn
1018 1165 1056 1224 cle
1078 1163 1141 1224 tide
1163 1162 1257 1224 Grae·

171 1297 276 1341 corum
307 1278 460 1354 copiosius
490 1277 674 1353 disputavit,
705 1276 865 1335 subactum
894 1276 968 1337 fecit
995 1275 1157 1353 judicium.
1200 1274 1258 1334 Ilec

169 1389 278 1452 [laridi
299 1388 420 1448 ridetur
441 1387 502 1446 ista
530 1387 711 1465 ambiguitas
741 1387 937 1447 satisfecisse.
981 1388 1053 1447 Alia
1075 1391 1107 1447 et
1129 1386 1257 1445 certiora

171 1503 209 1563 ab
232 1518 269 1561 eo
291 1498 435 1560 edoctum
457 1515 544 1571 esso,
574 1496 706 1572 cyrillus
727 1499 794 1575 ipse
820 1498 971 1578 significat
993 1501 1026 1558 in
1045 1498 1162 1570 literis,
1185 1512 1256 1571 quaa

170 1615 244 1672 sunt
265 1609 348 1686 apud
359 1608 543 1684 ,tymoninm
566 1626 599 1683 p·
618 1605 678 1667 182
690 1603 735 1685 ²)·
752 1637 795 1655 —·
823 1608 862 1669 In
879 1608 940 1669 alia
961 1607 1093 1687 epistola
1114 1607 1162 1685 (p.
1177 1603 1256 1679 183.)

169 1722 265 1784 libros
288 1722 344 1780 sibi
366 1720 444 1779 mitti
466 1716 533 1776 vult
554 1719 593 1777 de
612 1720 913 1793 praedestinatione,
936 1739 1026 1796 quam
1055 1719 1256 1796 quaestionem

170 1833 231 1895 illis
254 1831 444 1910 temporibus
475 1829 656 1906 exagitatam
688 1827 897 1890 difficillimam
926 1848 994 1891 esse
1016 1832 1182 1890 arbitratus
1206 1830 1255 1887 est.

170 1945 291 2005 Misisse
312 1939 383 1999 inde
408 1936 605 1998 Guilielmum
623 1937 663 1997 ad
677 1939 825 2012 cyrillum
847 1940 979 2018 aliquem
993 1941 1186 2003 Bedmmini
1198 1945 1257 1999 tra·
1284 1934 1288 1939 ’

171 2060 298 2123 etatum,
322 2051 385 2108 suis
402 2047 650 2108 adnotationibus
674 2049 808 2125 adnexis,
825 2056 948 2112 constat
970 2072 1005 2111 ex
1021 2050 1126 2128 Cyrilli
1150 2049 1256 2129 episto-

172 2163 203 2223 la
227 2156 275 2239 (p.
302 2157 397 2235 185),
424 2161 456 2217 in
486 2178 547 2236 qua
569 2157 607 2217 dc
630 2159 819 2221 Graecorum
847 2160 975 2239 jejuniis
1007 2161 1110 2238 aliqua
1141 2159 1255 2238 adjecit,

172 2290 303 2351 quarum
325 2272 474 2331 rationem
509 2270 600 2329 etiam
621 2269 653 2329 in
675 2268 772 2331 literis
801 2272 1000 2351 sequentibus
1022 2267 1070 2354 (p.
1097 2262 1187 2352 ist.)
1208 2267 1254 2329 ad·

172 2436 402 2454 Μ

171 2537 222 2591 tria
242 2550 326 2607 posse
349 2533 450 2595 reduci,
469 2550 539 2606 quus
557 2533 580 2588 si
602 2534 682 2588 missa
702 2531 800 2592 tierent
818 2546 845 2594 et
868 2537 994 2611 opposita
1014 2534 1253 2599 introducerenturi

171 2620 255 2676 facilis
281 2629 353 2675 esset
375 2618 537 2674 reformatio.
573 2616 741 2690 Explodatur
764 2622 888 2688 ambitio,
916 2624 1027 2677 avaritia
1051 2632 1079 2678 at
1099 2619 1252 2694 superstitio.

170 2707 355 2763 latroducatur
375 2704 506 2759 brimilitas
528 2704 562 2757 ad
585 2704 733 2776 exemplum
747 2704 793 2761 Xti
809 2706 926 2775 domini,
943 2716 1109 2780 contemptus
1132 2716 1252 2778 tempora·

170 2793 232 2847 llum
254 2801 281 2847 et
307 2790 461 2862 simplicitas
484 2788 615 2860 evangelii
637 2797 664 2843 at
688 2790 766 2845 lacila
789 2793 923 2848 obtinetur
944 2794 1069 2866 cupitum.
1112 2791 1150 2846 Et
1171 2786 1251 2865 pasto

171 2876 250 2953 post:
278 2876 428 2932 Ecclesiam
442 2871 571 2928 Graecam
594 2873 629 2927 ull
651 2881 704 2927 tam
720 2879 874 2946 pessumdat
889 2887 918 2933 ut
931 2879 1095 2950 superstitio.

240 2974 269 3037 1)
289 2967 410 3036 Statim,
425 2965 524 3033 scribit,
543 2967 620 3038 (post
637 2968 729 3034 rerba,
747 2970 843 3039 quibus
863 2972 921 3044 ipse
935 2971 1004 3027 Χῖοι
1019 2987 1132 3026 coenam
1144 2965 1250 3027 instituit,

172 3056 308 3127 recitata)
327 3054 422 3127 epistt.
437 3058 528 3106 sanct.
543 3053 712 3119 luvocamus,
730 3054 856 3111 dicimuaa
874 3057 932 3112 Kal
945 3059 1064 3128 ποίησον
1081 3050 1132 3110 so'a
1147 3049 1198 3123 atr
1211 3044 1250 3119 dr·

172 3160 222 3195 τον
242 3140 344 3195 τοῦτον
367 3136 459 3204 τίμιον
481 3136 560 3205 σῶμα
584 3139 637 3190 τοῦ
655 3141 777 3208 Χριστοῦ
800 3158 866 3205 aas,
885 3139 917 3198 τὸ
935 3139 966 3198 δὲ
984 3139 1015 3197 ἐν
1032 3140 1158 3214 ποτηρίῳ
1173 3132 1252 3207 seo'sp

172 3226 265 3296 τίμιον
281 3219 353 3291 αἷμα
370 3222 421 3275 τοῦ
440 3220 562 3289 Χριστοῦ
581 3236 639 3278 ocu.
676 3220 730 3278 cfr.
750 3223 828 3281 Gaul.
848 3228 916 3284 urtb.
931 3226 951 3282 l.
969 3232 995 3285 9.
1015 3233 1073 3284 107.

240 3319 270 3386 2)
295 3312 346 3369 Hic
371 3314 439 3367 euim
463 3328 519 3366 nou
542 3312 642 3369 dubitat
663 3316 732 3372 illius
755 3320 949 3392 prudentiam
971 3316 1252 3392 comprehendenti

171 3419 257 3460 suam
273 3398 447 3456 sententiam
461 3396 611 3471 profiteri,
627 3418 702 3472 patae
712 3401 842 3476 liparam
855 3405 987 3460 adndttit
1009 3406 1039 3457 ta
1060 3403 1115 3459 Ιιοο
1128 3401 1252 3477 mpatetlt

172 3487 341 3546 atmodum
363 3480 562 3558 prasdtcandt
588 3491 830 3559 sememontalem
858 3493 933 3545 simet
956 3495 984 3543 et
1011 3487 1252 3543 manducationem

172 3573 356 3647 spiritualem
371 3566 528 3636 eredimus;
548 3572 593 3624 tta
607 3579 640 3625 ut
653 3577 702 3643 qut
722 3574 784 3646 fide
801 3575 914 3631 aceedit
935 3571 1122 3628 adscensum
1142 3566 1253 3629 domiti»

172 3675 230 3714 nou
249 3658 359 3714 otstbs'le
381 3659 495 3709 tantam
527 3660 657 3726 corporo
677 3665 706 3713 et
735 3664 883 3734 aanpatntr
903 3663 1118 3714 sacramentam
1145 3657 1253 3730 serpit

172 3744 224 3799 sed
241 3740 435 3817 spiritualiter
457 3744 486 3791 et
515 3740 627 3796 interire
645 3749 812 3820 participat
836 3762 903 3801 sere
932 3745 1048 3817 corpori
1071 3749 1101 3797 at
1129 3737 1254 3816 sanpadd

173 3826 294 3883 annua.
329 3822 448 3880 Gaudeo
463 3839 540 3893 erpa,
558 3824 635 3895 qsecd
648 3845 707 3883 aaa
721 3831 853 3903 idemque
866 3833 1004 3887 sentimus
1017 3833 1048 3882 tn
1061 3824 1118 3881 bae
1131 3829 1254 3881 ondeta

178 3912 296 3969 Utinam
311 3917 340 3965 et
361 3912 393 3963 tn
413 3907 541 3979 reliquis,
559 3912 584 3963 si
599 3928 672 3982 quae
685 3923 761 3982 nent,
778 3920 810 3971 tn
826 3916 926 3991 qrdbas
942 3914 1134 3969 dissentimus.
1169 3910 1255 3967 immu-

174 4006 229 4054 tata
244 3997 312 4052 baec
336 4002 376 4049 est
390 3991 478 4064 Gyrilli
501 3997 633 4051 sententia
654 4006 837 4069 auu01619.,
856 4000 932 4072 cujus
953 3998 1062 4053 similem
1078 3997 1104 4050 in
1121 4015 1177 4059 ‘sua
1196 3996 1257 4052 tlon·

172 4082 236 4138 less.
258 4100 282 4137 c.
299 4077 384 4134 xvii.
403 4078 538 4148 exhibuit,
555 4080 651 4156 Ιὶροινα
669 4088 769 4141 curiosa
789 4097 817 4142 et
836 4077 1008 4139 Calotnta'aa
1032 4085 1114 4153 magis
1139 4085 1260 4157 opinions

171 4169 307 4240 adoptata.
342 4164 397 4220 cir.
413 4162 578 4225 Neudecker
599 4167 743 4226 Labrbucla
767 4171 818 4228 der
835 4169 935 4228 christi.
951 4166 1169 4240 Dogmengescb.
1189 4171 1260 4229 1838·

169 4270 198 4326 ρ.
216 4256 276 4310 641.
