2596 4710
160 301 233 346 xnn
528 251 875 360 Protogenen.

160 457 309 536 linopol'm
331 455 520 518 ll'ieodemue
543 453 686 526 Melete,
710 451 982 529 Cephaloniensie,
1006 455 1058 526 qui
1080 449 1258 512 studiorum

160 572 259 652 gratie
277 566 407 630 Londini
431 566 575 645 degerat,
596 565 643 624 rir
663 562 798 641 probus,
820 565 852 624 et
874 563 927 638 qni
948 563 1027 623 beno
1050 564 1163 637 sciret,
1193 581 1258 641 qna

160 681 300 743 barbam
322 678 423 756 patria
443 675 608 737 laboraret.
633 672 708 734 'cni
728 692 823 751 quum
851 673 946 733 uellet
975 674 1174 752 prospicere,
1197 691 1256 751 ap-

159 790 292 869 portavit
314 804 421 848 secum
441 776 514 851 no}¹
524 780 627 847 utun
647 783 743 844 libros
761 783 827 861 jam
849 803 989 860 excusos,
1012 783 1068 845 seul
1089 786 1183 846 etism
1204 787 1259 848 to«

159 906 222 962 tnm
242 897 601 978 typographiam-quum
623 896 687 955 suis
708 895 870 968 sumtibus,
892 896 939 955 bis
961 894 1045 957 mille
1066 898 1099 956 et
1120 894 1252 973 amplius

159 1008 359 1088 imperialium
382 1008 499 1084 pretio,
520 1008 645 1066 emeret.
686 1005 772 1066 liora
792 1024 842 1066 ses
860 1006 930 1081 init,
947 1037 992 1050 -
1020 1004 1149 1093 iudaeis
1179 1004 1253 1064 solis

159 1123 320 1196 bucusque
348 1112 556 1195 concessa1).
601 1115 748 1194 Anglicns
778 1115 915 1196 legatus,
955 1136 991 1178 re
1021 1134 1092 1177 cum
1121 1115 1252 1196 Belgioo

160 1235 301 1302 oratore,
324 1246 393 1289 cum
414 1226 548 1303 cyrillo,
577 1244 647 1286 cum
670 1226 795 1287 Gelasio
811 1226 860 1302 2),
889 1226 995 1301 Cyrilli
1015 1227 1103 1287 Alex.
1125 1244 1254 1287 sucees-

159 1360 240 1416 sorz,
262 1339 431 1400 deliberate
452 1358 489 1399 ac
510 1337 636 1416 publice
655 1338 745 1398 senia
758 1357 786 1398 ,a
807 1338 934 1397 Vizierio
957 1338 1131 1415 impetrata,
1157 1337 1251 1397 libros

159 1471 197 1515 ac
217 1455 309 1528 typos
337 1449 422 1526 apud
449 1467 483 1509 se
504 1449 624 1525 recepit
651 1451 684 1508 et
704 1449 843 1509 lietuino
872 1449 1009 1525 suscepit
1035 1450 1251 1527 patrocinium.

159 1563 220 1623 llic
241 1579 314 1621 vero
339 1560 378 1620 ob
400 1558 648 1621 commoditatem
669 1559 815 1619 conduxit
839 1558 896 1617 sibi
918 1558 1011 1618 aeoles
1033 1577 1096 1619 non
1115 1559 1252 1640 longer

159 1673 279 1732 Gallico
301 1670 404 1750 legato
425 1674 570 1744 remotas,
592 1671 645 1748 qui
667 1669 822 1747 adjunctis
842 1669 988 1742 Jesuitis,
1008 1688 1169 1731 rumorum
1190 1672 1251 1730 ari-

159 1782 223 1860 dis,
254 1783 335 1844 hene
355 1782 467 1843 tamem
497 1800 643 1860 spargere
665 1783 785 1859 coepit:
818 1781 915 1841 libros
944 1785 1054 1841 contra
1080 1781 1251 1841 Romanam

158 1893 321 1954 ecclesiam
342 1893 490 1969 imprimi,
521 1889 760 1966 catechismiquo
778 1890 915 1951 ‚editione
937 1890 1125 1952 lesuitnrnm
1148 1894 1181 1953 in
1199 1892 1251 1970 ju·

158 2007 284 2064 ventuto
315 2000 478 2063 educando
509 1998 619 2059 studiis
648 1999 742 2061 offici.
785 2002 887 2079 Quum
916 2020 1008 2078 sero,
1040 2003 1124 2079 qnod
1153 2005 1249 2082 primo

157 2112 333 2185 uoluerunt,
354 2112 421 2170 suis
441 2110 559 2171 artibus
580 2128 643 2170 non
664 2115 792 2188 possent
812 2111 962 2172 Metaxam
985 2114 1025 2174 ad
1048 2132 1120 2173 suas
1145 2118 1250 2192 partes

158 2222 302 2295 alliceree
322 2221 440 2300 mojona
460 2222 563 2282 conati
585 2221 668 2295 sunt,
689 2221 898 2283 Lutheranum
921 2227 952 2283 et
973 2224 1163 2285 haereticum
1181 2245 1249 2286 eum

158 2333 370 2415 opponentes,
402 2329 493 2409 cujus
514 2331 559 2394 rei
580 2332 786 2391 testimonium
809 2335 918 2394 sistere
941 2334 1025 2410 ipsos
1055 2339 1147 2412 typos
1169 2337 1250 2416 regis

157 2443 287 2525 Angliae
309 2447 397 2503 scuto
421 2459 596 2519 percussos.
641 2443 709 2518 Quo
734 2442 907 2503 discrimine
937 2447 969 2503 et
992 2447 1094 2521 ipsius·
1111 2447 1250 2507 Metam

157 2555 301 2635 precibus
330 2556 489 2632 permotus
520 2551 641 2631 legatus
670 2552 819 2633 Anglicns
847 2553 892 2613 illi
924 2554 1101 2616 cubiculum
1132 2557 1165 2615 in
1194 2574 1251 2617 suo

157 2665 310 2726 domicilio
332 2664 497 2737 concessit,
518 2663 644 2737 veritus,
668 2682 706 2724 ne
727 2664 781 2724 ille
800 2665 832 2723 in
848 2665 897 2725 ria
913 2669 1008 2725 noctu
1022 2638 1250 2744 perfoderetur.

156 2777 277 2838 Exarsit
297 2793 370 2837 vero
391 2775 525 2835 bostium
552 2773 613 2849 ira,
642 2791 737 2849 quum
758 2774 866 2850 Cyrilli
895 2779 1080 2852 mmmmm,
1114 2777 1187 2840 fidei
1217 2782 1252 2840 ct

111 2949 117 2959 ,
157 2888 378 2951 sententiarum
400 2886 589 2947 Graecarum
611 2884 810 2945 ecclesiarum
832 2889 1062 2964 expositionem,
1084 2891 1143 2950 sub
1161 2891 1249 2969 prelo

157 3017 225 3059 esse
246 2999 405 3058 sentirent.
447 2993 650 3055 Protulerunt
679 2996 773 3076 igitur
792 2997 899 3072 Cyrilli
920 2998 1032 3073 librum
1061 3002 1173 3060 contra
1192 3000 1250 3060 Ju-

156 3109 251 3169 daeos
272 3109 304 3168 in
321 3105 436 3186 Augila
457 3122 612 3177 excusum,
633 3105 664 3165 in
687 3124 759 3182 quo,
782 3126 876 3183 quum
892 3108 1064 3171 Turcarnm
1087 3113 1249 3188 opiniones

155 3219 294 3283 modesto
314 3218 502 3295 vituperatus
530 3214 688 3290 riderent,
720 3234 860 3278 caussam
882 3225 990 3280 contra
1013 3220 1162 3296 Cyrillum
1185 3225 1249 3283 sta·

156 3331 235 3393 biliri
256 3327 365 3389 conlisi
386 3330 467 3390 sunt.
511 3324 647 3389 Proinde
675 3325 754 3389 liaeo
779 3330 924 3407 capitulis
951 3332 1152 3393 incusarunt:
1181 3333 1248 3393 Me-

157 3448 256 3505 texam
279 3439 374 3501 libros
396 3458 415 3499 a
436 3435 619 3498 Patriercho
641 3440 837 3517 compositos,
865 3443 975 3519 quibus
998 3442 1112 3503 Graeci
1132 3440 1174 3502 sd
1195 3441 1249 3502 sle·

155 3555 323 3615 lectionem
343 3549 538 3622 vocarentur,
554 3547 723 3624 excudere3
744 3551 801 3610 hos
824 3553 989 3612 transmitti
1011 3551 1051 3612 ad
1065 3550 1250 3627 sauma,

157 3682 235 3740 quos
257 3661 410 3724 rebellare
430 3659 595 3738 optarent;
626 3677 692 3720 rem
714 3679 783 3722 osse
804 3681 842 3723 eo
863 3662 1133 3740 perniciosiorem,
1156 3681 1252 3740 quum

155 3774 303 3835 Muradus
323 3773 376 3834 1v.
405 3771 574 3848 imperator
605 3771 637 3831 in
665 3770 770 3835 Asiam
799 3773 1021 3852 sipeditionem
1051 3775 1249 3853 suscepisset.

157 3913 388 3926 ..n-—

226 4000 254 4066 l)
274 3994 426 4053 Helladtua
444 3997 479 4052 ‹le
495 4003 628 4068 praesent.
644 4003 706 4051 slat.
725 3995 820 4050 eccles.
838 3967 925 4072 giaco.
944 4018 968 4055 c.
986 4005 1014 4057 2.

225 4085 254 4152 2)
281 4079 425 4138 sacenses
448 4081 563 4139 Miscell.
592 4099 618 4154 p·
639 4085 684 4138 92.
709 4083 826 4152 appellat
852 4101 911 4138 eum
940 4080 1132 4139 Germslmum.
1169 4083 1251 4143 Quod

156 4170 263 4244 quidem
289 4183 387 4223 nomen
412 4186 466 4225 non
491 4168 636 4225 inauditum
668 4167 784 4222 tortasse
816 4169 912 4222 tectim
938 4178 987 4222 est.
1022 4169 1151 4226 smithius
1180 4175 1250 4226 enim

158 4263 335 4329 praenarret
354 4270 386 4310 ex
405 4253 619 4327 ephemeridibus
635 4254 719 4327 lpslus
737 4253 816 4326 legati
833 4252 934 4326 Angllel
955 4253 1051 4309 tanet.

147 4374 164 4412 b
