2596 4710
104 299 176 349 xxx
457 279 777 377 prolegomena.

104 464 179 524 aluit
200 467 232 523 et
254 467 452 538 sustentauit,
481 464 558 524 alios
583 464 741 526 literarum
763 468 947 527 commercio
968 465 1025 526 albi
1050 467 1200 528 concilia-

103 577 155 635 uit.
197 574 330 635 Restant
352 575 408 633 hae
432 575 580 651 epistolae
601 575 750 652 plurimae
772 587 792 635 a'
813 576 928 653 cyrillo
951 576 1040 637 datae
1063 580 1095 637 in
1117 578 1198 639 libro

104 685 265 761 aliquoties
287 687 400 745 citato:
422 687 553 747 Lettres
574 687 744 748 sacedotes
765 691 836 761 etc,
859 687 949 764 cnjus
970 692 1080 748 auctor
1101 670 1198 751 fuisso

104 795 201 855 1011111
228 797 362 874 Apsum
399 796 524 856 ineunte
554 797 677 857 saeculo
706 797 817 858 XVIII.
849 797 932 874 apud
964 798 1198 861 Grenoblenses

103 926 191 967 sacra
212 923 334 966 curans.
378 906 500 965 Exstitit
529 907 578 966 bic
609 927 645 967 ex
673 909 813 968 omnibus
843 908 951 984 syrini
981 908 1197 971 defensoribus

102 1018 194 1096 longa
216 1017 396 1089 acemimus,
418 1015 473 1076 sed
494 1019 531 1076 nt
551 1038 586 1079 er
609 1018 713 1079 multis
735 1018 856 1093 elucet,
879 1037 985 1078 omnes
1007 1019 1195 1080 moderatio·

103 1129 149 1190 nis
179 1130 325 1188 terminos
351 1131 572 1206 transgressus.
612 1129 682 1190 Hoc
711 1148 783 1190 rero
814 1130 955 1190 meritum
984 1130 1042 1189 sibi
1064 1133 1194 1207 pararit,

102 1239 184 1317 qnod
206 1241 321 1316 scripta
341 1237 424 1297 haud
446 1257 564 1314 pauca,
585 1258 664 1317 quae
687 1241 822 1301 nondum
844 1240 945 1299 lucem
967 1239 1132 1314 uiderunt,
1165 1242 1195 1301 ia

101 1351 209 1431 vulgus
233 1349 338 1411 edidit.
382 1349 522 1426 Apparet
551 1370 588 1412 ex
617 1351 684 1428 ejus
707 1369 800 1428 opere
833 1346 889 1430 (p.
908 1348 1004 1426 Ab),
1035 1351 1193 1426 cyrillum,

102 1479 195 1540 quum
216 1458 418 1520 Alexandriae
441 1459 583 1540 degeret,
604 1460 709 1522 literas
732 1461 974 1522 communicasse
998 1480 1067 1521 cum
1091 1464 1194 1523 Geor·

97 1576 152 1650 pio
173 1572 288 1649 Aibat,
308 1570 567 1648 Anchiespiscopo
590 1572 804 1632 Cantuariensi
825 1566 913 1650 (risit
935 1569 1070 1631 1562-
1085 1570 1193 1648 1633).

101 1682 164 1743 Sed
184 1702 220 1741 ex
239 1699 303 1741 nna
323 1680 381 1741 bac
404 1681 551 1758 epistola,
584 1698 663 1757 quaa
686 1685 784 1741 exstat
815 1680 899 1758 apud
919 1681 1110 1756 Amorem,
1144 1699 1193 1740 se·

100 1795 222 1871 quitur,
254 1790 360 1868 pluras
379 1790 446 1867 jam
468 1792 548 1850 inter
575 1793 738 1867 utrumqne
762 1793 870 1851 missas
892 1770 998 1851 inissa.
1042 1791 1192 1868 Loquitur

102 1906 180 1964 enim
193 1901 326 1978 cyrillus
350 1919 380 1976 p.
399 1898 450 1959 16.
473 1900 512 1960 60
527 1900 656 1959 Abbatis
678 1920 840 1977 respousa,
855 1900 946 1978 enjus
957 1901 1129 1978 Jacobique
1143 1921 1192 1961 re-

100 2021 146 2100 gis
167 2014 246 2074 sotis
268 2009 510 2070 obsecundatum
532 2027 567 2070 se
587 2027 670 2068 nunc
693 2012 825 2071 nobilem
848 2015 880 2071 et
896 2012 1019 2071 doctum
1034 2011 1192 2090 juvenem,

99 2124 337 2200 Metrophanem
376 2119 567 2195 Critopuium
603 2119 642 2178 ad
685 2121 891 2183 occidentales
930 2123 1070 2197 mittere,
1111 2139 1191 2181 anno

102 2235 183 2300 1616
201 2232 246 2313 ¹).
289 2230 396 2291 Exstat
418 2228 494 2289 haec
516 2234 548 2291 et
569 2229 666 2294 altera
681 2231 712 2307 ⁹)
735 2232 884 2308 quaedam
906 2229 1038 2309 epistola
1059 2231 1091 2289 in
1101 2230 1191 2290 Pauli

100 2345 264 2411 Columesii
278 2341 357 2419 Opp.
373 2338 497 2418 psas,
519 2342 571 2401 nbi
594 2344 683 2403 etiam
698 2343 931 2422 Arcbiepiscopi
949 2359 1133 2419 responsum
1146 2338 1189 2415 3).

98 2520 330 2546 -,.-....

126 2643 129 2647 ’
166 2617 197 2688 1)
216 2611 313 2669 Paullo
336 2615 399 2662 ante
422 2606 527 2662 videtur
552 2606 662 2679 cyrillus
687 2618 798 2679 propter
823 2609 917 2663 itinera
941 2626 975 2662 ex
993 2606 1119 2677 Aegypto
1144 2606 1189 2660 ab·

98 2703 197 2768 inisse,
221 2699 311 2755 scribit
326 2696 412 2763 enim,
435 2711 467 2749 se
485 2695 610 2764 Aegypto
626 2709 692 2746 suae
710 2694 872 2761 redditura,
898 2710 966 2766 paea
988 2692 1120 2748 fruentem
1135 2692 1190 2747 hoc

97 2787 196 2841 habere
214 2783 350 2845 0111010111,
368 2790 395 2834 01
413 2779 494 2835 iidem
513 2796 562 2851 per
580 2778 668 2832 literas
687 2777 897 2850 Arcblepiscopo
915 2778 1068 2832 adstrictam
1086 2777 1188 2831 liberet.

89 2872 161 2926 -Sine
179 2870 260 2924 dubio
279 2868 304 2921 in
322 2867 458 2920 visitandis
477 2866 594 2920 ecclesiis
613 2873 758 2933 occupatus
776 2864 869 2917 iuerat.

163 2965 195 3034 2)
220 2961 295 3015 Ilaec
320 2960 383 3013 data
400 2970 442 3013 est
460 2956 690 3028 constaminopoli
710 2959 801 3022 1622,
829 2956 855 3007 111
875 2971 927 3024 qna
953 2964 980 3009 et
999 2952 1114 3020 1110061,
1133 2969 1188 3007 uon

96 3051 182 3105 minus
200 3042 356 3118 philosophi
379 3060 458 3113 quam
475 3045 545 3115 regis
568 3043 669 3098 obitum
693 3040 836 3112 deplorans
864 3041 964 3112 optima
984 3055 1106 3108 quaeque
1130 3037 1187 3108 ejus

96 3133 247 3189 successori
272 3130 387 3196 Carula,
411 3130 500 3184 viuum
520 3128 696 3198 undequaque
719 3124 859 3193 imaginem
887 3135 1027 3196 paternam
1047 3123 1188 3189 redolenti,

96 3226 179 3291 optat.
214 3212 359 3273 Oratorem
376 3217 513 3286 Angllcnm
537 3223 591 3268 tum
608 3211 642 3265 ad
661 3208 772 3264 Portam
791 3217 941 3264 versantem
963 3209 1104 3265 Thamara
1124 3209 1188 3265 Ros

95 3305 157 3359 dicit
177 3303 361 3376 dulcissimum
377 3317 452 3354 suum
472 3302 594 3366 amicum,
615 3295 745 3352 1011101001
763 3302 790 3349 01
807 3303 956 3364 patronum.
991 3293 1036 3349 De
1054 3293 1138 3349 libris
1154 3294 1188 3351 ab

95 3390 260 3462 Archiepisc.
278 3385 534 3458 Constantinopolin.
550 3383 637 3437 mittis
659 3382 737 3436 etiam
760 3397 794 3434 ex
809 3378 852 3432 his
871 3377 952 3433 literis
967 3389 1084 3435 constat.
1118 3378 1188 3433 Mox

94 3495 160 3532 vero
183 3477 227 3529 ille
242 3472 334 3527 aanor
354 3487 463 3524 munere
484 3469 604 3540 dejectus
625 3467 652 3521 in
667 3465 760 3522 urbem
782 3464 893 3535 patriam
914 3461 1062 3533 Gaiiford
1080 3465 1187 3519 comita·

95 3576 137 3618 tus
154 3564 258 3630 sorry,
276 3574 306 3611 se
321 3555 429 3626 recepit,
448 3555 544 3610 deinde
558 3556 585 3608 10
602 3568 690 3606 arcem
711 3549 855 3620 61016011,
875 3549 919 3603 ubl
936 3549 1006 3604 diem
1022 3566 1099 3605 suum
1114 3550 1188 3605 obiit.

158 3658 189 3723 3)
205 3654 374 3723 Responsum
394 3649 484 3702 datum
500 3658 542 3703 est
562 3644 688 3700 Londino
711 3643 747 3697 ad
769 3642 886 3713 priorem
902 3639 991 3711 Cyrilll
1017 3643 1094 3714 epist.
1111 3648 1186 3701 1617,

95 3744 245 3799 Gratulatur
267 3737 358 3791 ,16601
379 3734 561 3805 Aegyptiacae
583 3729 712 3785 ecciesiae
734 3728 920 3798 sempiternam
946 3726 1080 3795 quietem,
1098 3727 1189 3783 caveri

90 3831 168 3903 jubet
188 3829 222 3882 ab
241 3820 383 3881 emissariis
405 3819 462 3871 istis
483 3816 667 3879 novatoribus,
685 3812 861 3868 Christianam
880 3813 1021 3866 veritatem
1039 3812 1142 3883 pariter
1156 3830 1187 3866 aa

94 3918 239 3972 libertatem
253 3907 378 3963 cuniculis
399 3903 615 3973 oppugnantibus
635 3908 662 3953 et
680 3895 975 3967 pseudomonachorum
999 3898 1077 3952 turba
1091 3915 1188 3954 recem

95 4000 234 4071 eiigulina
256 3992 449 4066 prodeuntium,
467 3982 696 4042 intemeraudum
721 3985 876 4036 seruatoris
898 3997 1048 4051 cognomen
1069 3985 1121 4038 1161
1147 4001 1188 4039 111·-

93 4085 250 4156 rogantium.
287 4077 427 4132 Collaudat
447 4091 523 4130 suum
544 4085 634 4137 regam
657 4077 711 4120 tum
731 4066 767 4120 ab
790 4066 898 4121 assidua
921 4068 1078 4122 concionum
1098 4085 1187 4123 mera.

92 4190 150 4227 rum
167 4166 325 4242 praeseutia,
343 4174 398 4217 tum
413 4178 431 4213 a
447 4157 597 4226 theologica
619 4152 749 4219 doctrina,
767 4170 836 4223 quae
851 4161 924 4206 tanta
941 4153 985 4211 sit,
1006 4163 1034 4207 ur
1052 4154 1137 4208 mult„
1153 4155 1188 4208 ,1,

91 4275 123 4313 10
137 4255 219 4312 theol.
242 4250 345 4305 calamo
364 4247 438 4317 regio
463 4252 585 4299 accurate
608 4240 725 4324 exarprit
748 4239 783 4293 116
804 4237 888 4294 iidem
903 4236 1084 4294 orthodoxam
1104 4248 1188 4296 mm.
