2596 4710
131 316 241 369 axum
517 290 848 381 Prologomcua.

132 480 232 541 neus
253 476 324 537 rint.
366 474 429 535 lieo
451 477 483 533 iu
507 492 613 536 aarum
636 475 784 553 originem
806 471 903 533 voluit
925 480 979 533 aut
1000 476 1101 550 potuit
1122 478 1227 553 inqui-

131 608 210 649 rere.
252 584 339 647 nuso
374 588 454 645 euius
486 585 641 651 nursicus
672 584 838 645 li'ormanui
869 585 997 663 vestigia
1027 588 1157 662 pressit,
1192 592 1229 649 ut

131 697 239 757 euclem
259 697 325 756 iore
347 698 567 775 interpunctio,
586 714 650 753 uua
671 698 755 755 esset
776 696 941 771 scriptura,
962 697 1117 755 erroribus
1134 700 1227 758 etiam

130 806 360 887 typographicis
396 807 530 867 lideliten
564 806 764 867 consecratis.
829 806 1008 865 vernonem
1040 808 1125 883 quod
1161 828 1226 869 non

130 919 267 991 mutauit,
289 916 361 976 uolo
381 920 566 993 vituperare,
587 928 646 977 neo
668 916 762 989 illud,
789 914 873 996 quoii
900 934 968 977 eam
990 921 1072 977 satis
1101 920 1226 993 bonam,

128 1037 249 1091 textum
271 1030 428 1089 cornrnode
459 1030 682 1102 exprimentem
705 1047 763 1087 nec
789 1046 926 1101 prorsus
947 1030 1155 1106 inelegantem
1178 1030 1227 1089 oi-

129 1141 191 1215 sit,
214 1138 358 1215 displicet
378 1156 463 1211 sero,
486 1136 569 1213 quod
597 1156 637 1197 ue
658 1138 787 1197 tentarit
814 1136 938 1213 quidam
961 1141 1139 1215 exquirere,
1169 1142 1227 1201 aed

129 1250 312 1327 simpliciter
341 1268 376 1308 aa
406 1250 527 1308 uesciro
555 1248 717 1307 consessus
739 1250 788 1311 est
809 1248 889 1307 sitae
911 1266 930 1315 a
952 1248 1122 1329 l'anagiota
1145 1270 1186 1311 an
1208 1272 1228 1311 a

127 1359 303 1427 ll'ormauao
334 1360 487 1420 coniecta.
529 1358 629 1437 igitur
656 1356 700 1418 nil
730 1356 770 1417 so
798 1356 964 1423 ll'ornsaun.
997 1360 1069 1421 edit.
1100 1362 1226 1439 adjecit,

129 1472 187 1535 nisi
216 1470 412 1531 vernaculam
441 1470 549 1539 istam,
579 1486 671 1544 quam
698 1469 795 1535 textui
816 1469 1018 1545 subscripsit,
1040 1471 1226 1547 interpreta-

128 1584 253 1655 tionem,
281 1586 312 1641 et
333 1598 391 1655 pro
419 1578 584 1643 liormanni
615 1578 840 1659 prolegomenis
870 1580 1070 1657 amplioribus
1099 1584 1226 1643 succlu-

127 1698 209 1755 ctam
231 1691 313 1751 illam
336 1688 513 1749 catechismi
534 1688 694 1756 historiam
717 1689 865 1765 praelusit.

211 1802 378 1863 Memoriae
400 1818 512 1860 caussa
534 1798 607 1867 nolo
629 1798 776 1859 Batauam
806 1801 1009 1862 confessionis
1038 1802 1227 1879 interpreta-

126 1913 241 1975 tionem
271 1912 460 1987 praeterire,
494 1928 573 1985 quaa
606 1910 772 1969 llormanni
811 1912 1036 1991 prolegomenis
1072 1915 1228 1981 instructa

126 2021 240 2103 prodiit
262 2022 418 2087 Haarlcmi
440 2022 500 2079 boc
522 2020 631 2089 titulo:
659 2022 841 2081 orthodoxa
871 2024 1056 2101 Horuolupe'a
1078 2022 1118 2100 of
1137 2034 1225 2103 rept-

126 2135 250 2211 almr'qe
270 2134 503 2193 Belcermtnisse
526 2132 583 2197 cleo
607 2129 739 2207 Gelooss
767 2132 826 2191 cler
854 2135 1075 2193 orierrtulisclie
1103 2138 1227 2213 Kerke,

125 2247 205 2306 door
229 2244 395 2305 Jcbonues
416 2244 570 2303 Antonius
592 2240 747 2301 Seiaeras
773 2242 886 2317 1722,;
908 2244 1027 2303 accedit
1057 2248 1225 2322 appendix,

60 2371 95 2418 n·
126 2374 206 2431 quaa
231 2353 459 2429 explanationes
482 2350 675 2430 singulorum
699 2352 900 2411 articulorum
925 2356 1072 2414 continet.

211 2466 253 2525 Ut
275 2465 406 2539 (lenique
429 2462 467 2521 do
491 2463 549 2524 bac
575 2461 781 2538 qualicunque
808 2464 940 2525 editione
971 2464 1226 2543 peccantiam

124 2576 253 2659 placuit,
275 2578 390 2634 textum
411 2572 567 2651 uulgatum
589 2574 634 2631 ita
654 2590 850 2648 percensere,
871 2580 907 2633 ut
933 2578 1118 2637 necessitato
1150 2596 1226 2637 con-

125 2690 195 2747 otus
218 2686 257 2752 ab
279 2705 317 2745 co
340 2683 486 2743 recedere
510 2700 571 2751 nou
601 2680 784 2757 dubitarim,
814 2686 869 2746 aut
898 2686 1047 2756 lectiones
1071 2692 1125 2745 aut
1146 2706 1226 2747 con-

121 2797 262 2875 jecturas
292 2794 480 2874 marginales
510 2794 686 2869 rocipiens;
715 2794 869 2857 interdum
899 2798 990 2857 etiam
1021 2798 1134 2875 ingenii
1158 2818 1227 2859 ma-

125 2908 277 2974 ‹liooritati
309 2903 445 2966 conlisus
477 2922 514 2973 aa
543 2904 603 2963 illis
630 2904 721 2964 aliam
751 2904 913 2967 lectionem
944 2907 1057 2966 elicere
1089 2916 1224 2972 coriatus

125 3036 205 3079 sum.
248 3016 513 3093 interpunctioni,
544 3018 580 3073 ut
612 3014 736 3083 dicunt,
765 3016 804 3073 ab
834 3018 1057 3092 antiquioribus
1087 3021 1136 3079 rel
1166 3041 1225 3081 ua-

124 3130 245 3213 glectae
272 3127 321 3189 ccl
353 3126 477 3187 omniuo
498 3124 606 3197 alitor,
629 3142 666 3185 ac
689 3142 746 3183 noa
770 3125 920 3197 solemus,
949 3131 1135 3189 constitutae
1156 3152 1225 3191 uras

124 3259 216 3323 gaam
238 3240 344 3299 uacari
366 3255 510 3312 oporam,
540 3238 647 3313 utpote
670 3254 750 3311 quaa
776 3234 815 3295 nil
838 3237 1006 3305 faciliorem
1029 3240 1224 3305 intellectum

123 3350 289 3435 plurimum
313 3348 422 3406 valeat.
463 3346 622 3406 Iniecisse
649 3348 721 3405 mibi
750 3345 855 3411 siilcor
878 3348 981 3417 locos,
1012 3352 1123 3425 quibus
1153 3354 1226 3425 solg

123 3460 328 3525 intercisionis
350 3458 479 3519 mutatio
500 3456 753 3535 simplicissimam
776 3461 900 3539 poterut
922 3460 1035 3519 ollcrre
1056 3462 1224 3539 crundelam,

124 3572 383 3637 commentarium
411 3586 484 3629 reru
515 3586 574 3627 noo
603 3566 643 3626 ccl
673 3567 752 3629 baruc
785 3588 842 3627 nec
872 3568 911 3627 ad
943 3574 1063 3631 ceteras
1095 3575 1224 3634 conlus-

124 3686 227 3743 sioncs
258 3698 443 3759 componere
472 3678 591 3755 lubuit,
622 3696 702 3755 quaa
732 3678 884 3753 adnotari,
906 3678 955 3739 vel
979 3680 1018 3740 acl
1040 3684 1225 3755 varietatem

124 3793 290 3859 lactionum
313 3792 478 3867 pertincant,
501 3790 549 3854 rol
571 3786 611 3847 acl
633 3788 719 3847 locos
741 3791 804 3847 tum
824 3810 841 3849 e
859 3792 1003 3850 Patribus
1026 3796 1092 3859 tum
1115 3798 1223 3857 osor.

124 3906 211 3970 tiacr.
241 3901 289 3960 rel
321 3922 356 3960 es
385 3898 453 3961 aliis
482 3900 684 3976 scriptoribus
712 3902 894 3973 arcessitos,
924 3903 972 3962 vel
1003 3902 1043 3963 acl
1071 3908 1223 3967 versionis

123 4013 377 4083 llormannianae,
394 4030 485 4086 quam
501 4011 584 4069 nolui
602 4009 762 4079 dimittere,
778 4013 945 4085 veritatem,
962 4013 1010 4072 vel
1026 4014 1064 4075 od
1082 4017 1220 4079 intersis.

124 4130 281 4187 mutatam.
332 4121 416 4180 Raro
447 4124 477 4185 in
507 4124 591 4185 testu
619 4118 838 4179 conformando
867 4124 985 4179 ructare
1015 4141 1109 4186 aursus
1140 4146 1220 4198 sum,

125 4238 211 4303 nulla
241 4234 364 4313 adjecta
395 4237 477 4298 nota,
521 4232 680 4297 interilum
711 4231 802 4295 ctiam
832 4231 870 4295 clo
897 4234 1074 4298 accentibus
1104 4243 1219 4300 usnimi.
