2596 4710
206 322 291 374 run
595 302 915 397 Prolegomona.

207 506 266 547 ser.
288 504 368 547 saer.
391 486 519 564 ejusque
541 505 600 547 usu
622 491 776 562 continet,
807 489 966 549 consilium
997 489 1147 550 ecclesiae
1176 491 1244 549 insti

206 597 320 658 rendae
343 597 456 675 prodit
498 598 563 659 Res
592 618 667 660 sene
695 600 771 659 mira
801 618 899 677 eoque
929 600 1171 674 memorabilior,
1199 618 1244 676 qu·

206 727 341 768 summus
362 708 501 769 Graecae
523 709 674 789 ecclesiae
689 678 817 770 entistes
839 711 916 770 haec
933 710 1071 785 auderet,
1094 712 1244 791 quibueg

204 838 271 880 rem
294 820 353 880 sibi
373 817 512 880 dolorem
531 820 668 881 inustum
688 820 735 897 lri‚
756 809 846 880 lecile
869 842 904 881 er
926 823 975 897 iis,
1000 840 1080 898 quae
1097 821 1163 900 jam
1188 841 1244 900 exp

207 935 256 991 tus
278 931 347 1005 luit,
368 931 470 1008 potuit
490 929 677 1006 praevidere.
719 929 788 992 Nou
811 933 890 992 enim
910 938 1018 993 auctor
1033 934 1182 1010 privatam
1202 952 1244 1012 gei

206 1060 387 1121 personam,
413 1059 514 1117 neque
536 1058 626 1101 suom
647 1041 737 1102 tidem
760 1061 793 1103 se
818 1045 1025 1121 expositurum
1048 1062 1116 1104 esse
1139 1043 1244 1103 declar

206 1153 262 1214 sed
289 1149 337 1234 (p.
358 1147 416 1232 at)
446 1152 651 1213 Orientalium
684 1152 914 1232 professionem
954 1155 1111 1232 inscripsit
1148 1152 1244 1212 libelli

207 1283 299 1342 quem
328 1263 472 1341 precibus
502 1265 733 1339 quaerentium,
766 1264 865 1341 qualis
900 1265 940 1324 sit
973 1265 1095 1325 illorum
1125 1264 1231 1323 cultus

206 1376 363 1448 doctrine,
400 1375 618 1451 conscripserit
645 1375 767 1435 nomine
796 1378 929 1435 omnium
951 1375 1201 1437 Ciciietianorum
1231 1393 1244 1433 s

207 1487 279 1546 dolo
300 1489 332 1545 et
352 1485 434 1543 bona
453 1483 525 1561 fide.
568 1484 728 1545 Simulavit
753 1487 864 1565 igitur,
895 1485 973 1545 haec
995 1486 1139 1566 dogmata
1161 1486 1245 1544 omni

207 1596 407 1658 Orientalium
435 1614 522 1672 esse,
550 1614 630 1673 quae
662 1597 720 1656 etsi
750 1596 809 1657 levi
838 1613 875 1657 ac
896 1598 962 1656 miti
991 1598 1092 1656 animo
1121 1614 1244 1674 propos

206 1726 264 1768 nee
285 1707 323 1768 de
345 1707 454 1767 ritibus
482 1707 649 1784 quidquam
680 1708 809 1768 detraxit
838 1711 893 1767 sut
920 1709 952 1766 in
980 1706 1017 1766 iis
1049 1709 1160 1766 mutari
1189 1707 1244 1767 vol·

206 1821 394 1893 monstrant,
428 1836 497 1885 eum
519 1837 577 1877 nec
598 1822 770 1895 temporum
800 1836 929 1898 gnarum
959 1819 1055 1878 luisse
1083 1836 1141 1877 nec
1165 1837 1184 1876 a
1205 1818 1244 1877 rel

207 1929 355 1991 novandis
375 1928 517 1989 alienum.
561 1928 795 1987 Potentissimos
825 1946 964 2004 quosque
986 1929 1076 1988 etiam
1097 1930 1142 1988 rei
1165 1948 1242 1987 evan

208 2043 285 2101 licae
307 2042 450 2101 meteres
473 2043 505 2097 et
526 2038 684 2114 adjutores
706 2037 875 2115 prudenter
901 2040 957 2098 sihi
979 2039 1098 2099 studuit
1119 2037 1244 2097 concilia

206 2153 353 2224 Constat,
382 2140 452 2209 eum
475 2148 515 2208 ed
536 2149 733 2209 fortissimum
763 2153 828 2208 tum
848 2152 996 2229 temporis
1018 2148 1167 2229 euangelii
1190 2148 1244 2208 del

90 2330 102 2355 ἦ
206 2282 307 2327 serem
330 2261 499 2322 (iustarum
526 2259 702 2338 aldulphum
732 2261 878 2338 epistolas
905 2262 1036 2322 dedisse.
1079 2260 1208 2339 Legitur
1234 2278 1244 2318 r

206 2374 290 2453 apud
309 2373 454 2452 ltliegium
474 2372 496 2431 l.
511 2370 531 2432 l.
553 2390 585 2450 p.
603 2370 687 2445 238„
708 2388 787 2461 quae
809 2391 870 2431 non
892 2374 990 2450 prima
1011 2373 1081 2432 init.
1121 2371 1169 2430 Ac
1192 2388 1244 2430 nes

206 2507 246 2548 an
269 2487 320 2545 hic
340 2502 392 2543 rex
413 2482 534 2542 Lucerii
556 2483 700 2560 precibus
720 2486 878 2561 permotus
901 2483 1012 2559 suerit,
1041 2486 1077 2543 ut
1104 2483 1238 2558 primum

204 2597 318 2658 Suecie
346 2597 499 2655 oratorem
529 2593 816 2671 Constantinopolin
847 2594 996 2669 mitteret,
1024 2593 1161 2655 Paulum
1184 2591 1244 2651 Str·

206 2709 295 2781 turis,
323 2705 354 2765 id
376 2704 459 2781 quod
481 2704 613 2780 cyrillus
635 2704 710 2765 dicit
730 2706 774 2765 ita
794 2704 983 2784 gloriosum
1002 2706 1046 2763 ita
1069 2701 1244 2763 ecclesiae<

205 2819 397 2880 Constantia.
417 2816 512 2890 utile,
542 2819 578 2875 ut
608 2816 668 2877 hoc
694 2819 793 2876 totum
823 2815 932 2876 referri
960 2815 1072 2875 debeat
1099 2814 1244 2874 felicissin

204 2931 346 2990 fortunas
368 2944 474 2987 sac-rae
497 2927 576 3007 Reg.
598 2927 690 3005 Maj„
720 2911 811 3005 quam
839 2925 975 3002 undique
996 2924 1094 3006 gloria
1116 2929 1149 2984 et
1172 2926 1244 2984 imm

204 3041 306 3101 talitas
338 3041 502 3099 comitetur
516 3034 559 3120 ε).
610 3038 718 3101 Altera
754 3037 836 3118 apud
864 3037 1008 3117 attegiam
1046 3035 1178 3113 epistole
1213 3054 1244 3095 ar

275 3336 303 3403 1)
326 3331 502 3401 Conqueritur
518 3331 596 3384 etiam
619 3329 664 3384 illa
685 3328 762 3399 epist.
784 3325 845 3395 (Xl.
859 3326 913 3381 Jnl.
932 3327 1041 3396 1682),
1059 3343 1128 3396 quoe
1144 3341 1243 3379 vereor

204 3438 318 3495 unquam
336 3418 371 3472 ad
388 3434 477 3485 regem
504 3418 531 3470 in
549 3415 691 3470 Germanla
714 3415 810 3469 bellum
834 3422 969 3482 gerentem
993 3420 1020 3466 et
1048 3412 1139 3483 paucis
1158 3410 1242 3468 merrsi

205 3518 267 3581 post
285 3513 433 3561 emortuum
449 3500 550 3570 perlata
566 3501 615 3567 sit,
640 3492 672 3554 se
687 3501 821 3572 reputari
837 3498 918 3570 npred
934 3494 1125 3560 adversarios,
1142 3502 1244 3566 tamqu

203 3612 268 3650 ones
283 3590 390 3654 ‹·uedis,
406 3588 469 3658 quia
492 3587 530 3640 ele
546 3587 734 3657 obtemperare
758 3583 832 3636 nolit.
866 3583 905 3637 Se
924 3585 993 3638 enlm
1014 3583 1086 3639 nolle
1102 3582 1224 3651 accipere

205 3689 292 3748 gemla
306 3678 388 3731 haece
406 3673 591 3742 Salpe-sacr.
605 3686 659 3724 uon
683 3678 726 3724 est
749 3668 869 3739 perlecta
883 3685 933 3723 nec
951 3668 1104 3731 mifiricum
1123 3666 1236 3721 ecclesie

205 3773 252 3834 put
270 3780 323 3816 non
341 3760 422 3815 hahet
436 3758 534 3825 Xtum3
555 3754 625 3811 lldes
647 3755 811 3809 caerimoniis
834 3764 962 3824 congesta
979 3754 1085 3822 tabula3
1101 3752 1202 3824 justitie
1220 3748 1243 3803 G

204 3849 290 3902 atinae
310 3862 365 3898 aon
387 3862 457 3914 opus
482 3842 638 3905 salvatoris3
653 3847 880 3896 rsrtcrcsmsrntorum
899 3840 999 3895 veritas
1014 3840 1162 3901 annullatuq
1180 3851 1244 3891 evan

203 3932 267 3986 lium
285 3940 460 3983 comanensium
480 3928 585 3982 hismael
600 3923 720 3992 cerebrl3
737 3923 886 3979 idololatria
909 3925 1061 3995 sequenda3
1082 3922 1189 3977 tandem
1214 3937 1244 3974 ne

204 4014 302 4070 salvari
319 4022 424 4083 potest,
442 4017 492 4069 nisi
511 4015 602 4068 credat
625 4014 650 4066 in
673 4027 751 4075 eum,
776 4011 820 4081 qul
842 4028 873 4064 se
896 4010 959 4064 tersit
978 4009 1118 4076 Christum,
1137 4023 1217 4076 quiam
1238 4022 1244 4058 t

203 4101 237 4155 sit
258 4098 428 4153 Gltristus.-
447 4101 525 4158 erae
540 4102 674 4170 degustata,
692 4106 720 4151 ut
740 4106 798 4152 tota
816 4097 1011 4160 controversia,
1029 4096 1070 4148 cni
1086 4092 1222 4146 succubuit
1240 4098 1244 4135 t

204 4186 295 4255 silius,
312 4203 330 4238 a
348 4183 486 4239 cattholicis
507 4187 577 4241 lacta
598 4185 681 4239 luisse
700 4198 734 4236 uc
757 4183 913 4255 preposite,
932 4191 960 4234 ut
982 4180 1039 4250 ejus
1062 4179 1164 4232 rtninrus
1184 4176 1244 4230 adl

205 4287 281 4326 mana
296 4270 392 4342 placita
405 4281 433 4324 et
447 4271 564 4325 instituta
577 4266 761 4340 amplectenda
772 4265 1037 4334 taruennensem
1050 4273 1102 4327 est,
1116 4264 1178 4332 quin
1193 4261 1244 4314 vid
