<?xml version="1.0" encoding="UTF-8"?>
<!DOCTYPE html PUBLIC "-//W3C//DTD XHTML 1.0 Transitional//EN"
    "http://www.w3.org/TR/xhtml1/DTD/xhtml1-transitional.dtd">
<html xmlns="http://www.w3.org/1999/xhtml" xml:lang="en" lang="en">
 <head>
  <title>
</title>
<meta http-equiv="Content-Type" content="text/html;charset=utf-8" />
  <meta name='ocr-system' content='tesseract 3.04.00' />
  <meta name='ocr-capabilities' content='ocr_page ocr_carea ocr_par ocr_line ocrx_word'/>
</head>
<body>
  <div class='ocr_page' id='page_1' title='image "./monumentafideie00kimmgoog/monumentafideie00kimmgoog_0072.png"; bbox 0 0 2596 4710; ppageno 0'>
   <div class='ocr_carea' id='block_1_1' title="bbox 158 304 862 415">
    <p class='ocr_par' dir='ltr' id='par_1_1' title="bbox 158 304 862 415">
     <span class='ocr_line' id='line_1_1' title="bbox 158 304 862 415; baseline -0.004 -40"><span class='ocrx_word' id='word_1_1' title='bbox 158 329 271 415; x_wconf 75' lang='lat' dir='ltr'><strong>nrrru</strong></span> <span class='ocrx_word' id='word_1_2' title='bbox 537 304 862 398; x_wconf 78' lang='lat' dir='ltr'><strong>Prologonrona.</strong></span> 
     </span>
    </p>
   </div>
   <div class='ocr_carea' id='block_1_2' title="bbox 95 484 1264 3566">
    <p class='ocr_par' dir='ltr' id='par_1_2' title="bbox 161 484 1255 1233">
     <span class='ocr_line' id='line_1_2' title="bbox 161 484 1255 568; baseline -0.002 -17"><span class='ocrx_word' id='word_1_3' title='bbox 161 496 204 551; x_wconf 90' lang='lat' dir='ltr'><strong>ris</strong></span> <span class='ocrx_word' id='word_1_4' title='bbox 222 494 374 568; x_wconf 83' lang='lat' dir='ltr'><strong>interpres</strong></span> <span class='ocrx_word' id='word_1_5' title='bbox 390 508 458 551; x_wconf 81' lang='lat' dir='ltr'><strong>carn</strong></span> <span class='ocrx_word' id='word_1_6' title='bbox 473 487 650 551; x_wconf 69' lang='lat' dir='ltr'><strong>reddiderit.</strong></span> <span class='ocrx_word' id='word_1_7' title='bbox 660 486 695 567; x_wconf 82' lang='lat'><strong>²)</strong></span> <span class='ocrx_word' id='word_1_8' title='bbox 739 489 837 565; x_wconf 77' lang='lat' dir='ltr'><strong>Quam</strong></span> <span class='ocrx_word' id='word_1_9' title='bbox 852 484 932 547; x_wconf 87' lang='lat' dir='ltr'><strong>mala</strong></span> <span class='ocrx_word' id='word_1_10' title='bbox 946 502 1017 547; x_wconf 84' lang='lat' dir='ltr'><strong>curu</strong></span> <span class='ocrx_word' id='word_1_11' title='bbox 1038 486 1255 549; x_wconf 66' lang='lat' dir='ltr'><strong>comedenti-</strong></span> 
     </span>
     <span class='ocr_line' id='line_1_3' title="bbox 162 596 1252 681; baseline -0.002 -18"><span class='ocrx_word' id='word_1_12' title='bbox 162 604 220 663; x_wconf 85' lang='lat' dir='ltr'><strong>bus</strong></span> <span class='ocrx_word' id='word_1_13' title='bbox 242 606 274 663; x_wconf 89' lang='lat' dir='ltr'><strong>et</strong></span> <span class='ocrx_word' id='word_1_14' title='bbox 295 606 368 681; x_wconf 88' lang='lat' dir='ltr'><strong>post</strong></span> <span class='ocrx_word' id='word_1_15' title='bbox 387 602 585 678; x_wconf 84' lang='lat' dir='ltr'><strong>sequentibus</strong></span> <span class='ocrx_word' id='word_1_16' title='bbox 607 601 790 677; x_wconf 82' lang='lat' dir='ltr'><strong>cohaereat3</strong></span> <span class='ocrx_word' id='word_1_17' title='bbox 822 599 1017 659; x_wconf 84' lang='lat' dir='ltr'><strong>maniiesturn</strong></span> <span class='ocrx_word' id='word_1_18' title='bbox 1037 600 1113 673; x_wconf 88' lang='lat' dir='ltr'><strong>erit,</strong></span> <span class='ocrx_word' id='word_1_19' title='bbox 1135 599 1191 677; x_wconf 87' lang='lat' dir='ltr'><strong>qui</strong></span> <span class='ocrx_word' id='word_1_20' title='bbox 1211 596 1252 661; x_wconf 79' lang='lat' dir='ltr'><strong>do</strong></span> 
     </span>
     <span class='ocr_line' id='line_1_4' title="bbox 162 709 1250 787; baseline -0.002 -14"><span class='ocrx_word' id='word_1_21' title='bbox 162 716 255 773; x_wconf 88' lang='lat' dir='ltr'><strong>totius</strong></span> <span class='ocrx_word' id='word_1_22' title='bbox 276 711 338 773; x_wconf 89' lang='lat' dir='ltr'><strong>loci</strong></span> <span class='ocrx_word' id='word_1_23' title='bbox 360 712 556 773; x_wconf 76' lang='lat' dir='ltr'><strong>cohaerentia</strong></span> <span class='ocrx_word' id='word_1_24' title='bbox 578 711 669 771; x_wconf 88' lang='lat' dir='ltr'><strong>altius</strong></span> <span class='ocrx_word' id='word_1_25' title='bbox 699 711 867 787; x_wconf 84' lang='lat' dir='ltr'><strong>repetierit.</strong></span> <span class='ocrx_word' id='word_1_26' title='bbox 910 710 997 787; x_wconf 71' lang='lat' dir='ltr'><strong>Quae</strong></span> <span class='ocrx_word' id='word_1_27' title='bbox 1025 709 1128 769; x_wconf 87' lang='lat' dir='ltr'><strong>locum</strong></span> <span class='ocrx_word' id='word_1_28' title='bbox 1158 728 1250 771; x_wconf 76' lang='lat' dir='ltr'><strong>sera·</strong></span> 
     </span>
     <span class='ocr_line' id='line_1_5' title="bbox 161 819 1251 899; baseline -0.001 -16"><span class='ocrx_word' id='word_1_29' title='bbox 161 829 227 884; x_wconf 82' lang='lat' dir='ltr'><strong>iuni</strong></span> <span class='ocrx_word' id='word_1_30' title='bbox 249 823 445 899; x_wconf 79' lang='lat' dir='ltr'><strong>antecedunt,</strong></span> <span class='ocrx_word' id='word_1_31' title='bbox 467 822 549 882; x_wconf 89' lang='lat' dir='ltr'><strong>dicta</strong></span> <span class='ocrx_word' id='word_1_32' title='bbox 571 826 652 895; x_wconf 88' lang='lat' dir='ltr'><strong>sunt,</strong></span> <span class='ocrx_word' id='word_1_33' title='bbox 678 840 717 881; x_wconf 89' lang='lat' dir='ltr'><strong>ne</strong></span> <span class='ocrx_word' id='word_1_34' title='bbox 740 822 807 897; x_wconf 84' lang='lat' dir='ltr'><strong>qais</strong></span> <span class='ocrx_word' id='word_1_35' title='bbox 829 820 970 898; x_wconf 77' lang='lat' dir='ltr'><strong>spiritum</strong></span> <span class='ocrx_word' id='word_1_36' title='bbox 991 819 1055 880; x_wconf 88' lang='lat' dir='ltr'><strong>filio</strong></span> <span class='ocrx_word' id='word_1_37' title='bbox 1077 823 1132 882; x_wconf 90' lang='lat' dir='ltr'><strong>aut</strong></span> <span class='ocrx_word' id='word_1_38' title='bbox 1152 819 1251 882; x_wconf 87' lang='lat' dir='ltr'><strong>liliuru</strong></span> 
     </span>
     <span class='ocr_line' id='line_1_6' title="bbox 163 930 1254 1013; baseline -0.003 -18"><span class='ocrx_word' id='word_1_39' title='bbox 163 936 272 1013; x_wconf 88' lang='lat' dir='ltr'><strong>spiritu</strong></span> <span class='ocrx_word' id='word_1_40' title='bbox 295 932 470 994; x_wconf 85' lang='lat' dir='ltr'><strong>interiorem</strong></span> <span class='ocrx_word' id='word_1_41' title='bbox 491 950 560 993; x_wconf 81' lang='lat' dir='ltr'><strong>esse</strong></span> <span class='ocrx_word' id='word_1_42' title='bbox 581 934 763 1007; x_wconf 80' lang='lat' dir='ltr'><strong>arbitretur3</strong></span> <span class='ocrx_word' id='word_1_43' title='bbox 783 930 815 991; x_wconf 88' lang='lat' dir='ltr'><strong>id</strong></span> <span class='ocrx_word' id='word_1_44' title='bbox 836 930 920 1007; x_wconf 84' lang='lat' dir='ltr'><strong>quod</strong></span> <span class='ocrx_word' id='word_1_45' title='bbox 940 931 1049 991; x_wconf 87' lang='lat' dir='ltr'><strong>harum</strong></span> <span class='ocrx_word' id='word_1_46' title='bbox 1069 950 1174 991; x_wconf 88' lang='lat' dir='ltr'><strong>rorum</strong></span> <span class='ocrx_word' id='word_1_47' title='bbox 1198 950 1254 992; x_wconf 91' lang='lat' dir='ltr'><strong>ru-</strong></span> 
     </span>
     <span class='ocr_line' id='line_1_7' title="bbox 165 1043 1250 1121; baseline -0.003 -15"><span class='ocrx_word' id='word_1_48' title='bbox 165 1047 211 1105; x_wconf 90' lang='lat' dir='ltr'><strong>dis</strong></span> <span class='ocrx_word' id='word_1_49' title='bbox 233 1044 352 1106; x_wconf 83' lang='lat' dir='ltr'><strong>lucilius</strong></span> <span class='ocrx_word' id='word_1_50' title='bbox 382 1045 481 1121; x_wconf 77' lang='lat' dir='ltr'><strong>possit</strong></span> <span class='ocrx_word' id='word_1_51' title='bbox 509 1044 542 1103; x_wconf 90' lang='lat' dir='ltr'><strong>in</strong></span> <span class='ocrx_word' id='word_1_52' title='bbox 569 1044 702 1104; x_wconf 75' lang='lat' dir='ltr'><strong>aninum</strong></span> <span class='ocrx_word' id='word_1_53' title='bbox 722 1043 886 1117; x_wconf 86' lang='lat' dir='ltr'><strong>inducere,</strong></span> <span class='ocrx_word' id='word_1_54' title='bbox 918 1043 989 1118; x_wconf 87' lang='lat' dir='ltr'><strong>quia</strong></span> <span class='ocrx_word' id='word_1_55' title='bbox 1015 1044 1047 1101; x_wconf 89' lang='lat' dir='ltr'><strong>in</strong></span> <span class='ocrx_word' id='word_1_56' title='bbox 1077 1060 1138 1103; x_wconf 83' lang='lat' dir='ltr'><strong>scr.</strong></span> <span class='ocrx_word' id='word_1_57' title='bbox 1168 1060 1250 1103; x_wconf 83' lang='lat' dir='ltr'><strong>sacr.</strong></span> 
     </span>
     <span class='ocr_line' id='line_1_8' title="bbox 163 1152 1253 1233; baseline -0.006 -15"><span class='ocrx_word' id='word_1_58' title='bbox 163 1156 254 1218; x_wconf 78' lang='lat' dir='ltr'><strong>modo</strong></span> <span class='ocrx_word' id='word_1_59' title='bbox 275 1155 330 1232; x_wconf 79' lang='lat' dir='ltr'><strong>Sp.</strong></span> <span class='ocrx_word' id='word_1_60' title='bbox 353 1171 378 1214; x_wconf 86' lang='lat' dir='ltr'><strong>r.</strong></span> <span class='ocrx_word' id='word_1_61' title='bbox 402 1154 493 1215; x_wconf 89' lang='lat' dir='ltr'><strong>modo</strong></span> <span class='ocrx_word' id='word_1_62' title='bbox 514 1152 596 1215; x_wconf 86' lang='lat' dir='ltr'><strong>iilius</strong></span> <span class='ocrx_word' id='word_1_63' title='bbox 622 1155 716 1215; x_wconf 76' lang='lat' dir='ltr'><strong>veluti</strong></span> <span class='ocrx_word' id='word_1_64' title='bbox 744 1155 776 1212; x_wconf 89' lang='lat' dir='ltr'><strong>in</strong></span> <span class='ocrx_word' id='word_1_65' title='bbox 797 1152 966 1233; x_wconf 74' lang='lat' dir='ltr'><strong>doxologiis</strong></span> <span class='ocrx_word' id='word_1_66' title='bbox 994 1154 1124 1230; x_wconf 88' lang='lat' dir='ltr'><strong>primunr</strong></span> <span class='ocrx_word' id='word_1_67' title='bbox 1146 1156 1253 1213; x_wconf 59' lang='lat' dir='ltr'><strong>tenea</strong></span> 
     </span>
    </p>

    <p class='ocr_par' dir='ltr' id='par_1_3' title="bbox 95 1262 1264 3566">
     <span class='ocr_line' id='line_1_9' title="bbox 163 1262 1251 1341; baseline -0.005 -13"><span class='ocrx_word' id='word_1_68' title='bbox 163 1268 276 1329; x_wconf 82' lang='lat' dir='ltr'><strong>locum.</strong></span> <span class='ocrx_word' id='word_1_69' title='bbox 312 1266 458 1341; x_wconf 79' lang='lat' dir='ltr'><strong>Sequitur</strong></span> <span class='ocrx_word' id='word_1_70' title='bbox 477 1282 551 1325; x_wconf 82' lang='lat' dir='ltr'><strong>vero</strong></span> <span class='ocrx_word' id='word_1_71' title='bbox 572 1264 675 1325; x_wconf 85' lang='lat' dir='ltr'><strong>locum</strong></span> <span class='ocrx_word' id='word_1_72' title='bbox 696 1264 877 1341; x_wconf 83' lang='lat' dir='ltr'><strong>conjectura</strong></span> <span class='ocrx_word' id='word_1_73' title='bbox 896 1262 1074 1324; x_wconf 85' lang='lat' dir='ltr'><strong>lacessitum</strong></span> <span class='ocrx_word' id='word_1_74' title='bbox 1092 1282 1129 1323; x_wconf 84' lang='lat' dir='ltr'><strong>ox</strong></span> <span class='ocrx_word' id='word_1_75' title='bbox 1144 1263 1251 1341; x_wconf 82' lang='lat' dir='ltr'><strong>script.</strong></span> 
     </span>
     <span class='ocr_line' id='line_1_10' title="bbox 95 1355 1251 1454; baseline -0.006 -14"><span class='ocrx_word' id='word_1_76' title='bbox 95 1355 114 1406; x_wconf 33' lang='lat'><strong>¹·</strong></span> <span class='ocrx_word' id='word_1_77' title='bbox 140 1373 255 1440; x_wconf 82' lang='lat' dir='ltr'><strong>&#39;sacra</strong></span> <span class='ocrx_word' id='word_1_78' title='bbox 275 1374 444 1451; x_wconf 76' lang='lat' dir='ltr'><strong>conclusio,</strong></span> <span class='ocrx_word' id='word_1_79' title='bbox 471 1374 619 1453; x_wconf 79' lang='lat' dir='ltr'><strong>Spiritum</strong></span> <span class='ocrx_word' id='word_1_80' title='bbox 641 1378 789 1453; x_wconf 73' lang='lat' dir='ltr'><strong>ciprum</strong></span> <span class='ocrx_word' id='word_1_81' title='bbox 810 1374 910 1434; x_wconf 83' lang='lat' dir='ltr'><strong>Deum</strong></span> <span class='ocrx_word' id='word_1_82' title='bbox 932 1392 1012 1437; x_wconf 83' lang='lat' dir='ltr'><strong>esso.</strong></span> <span class='ocrx_word' id='word_1_83' title='bbox 1055 1373 1136 1451; x_wconf 74' lang='lat' dir='ltr'><strong>Quid</strong></span> <span class='ocrx_word' id='word_1_84' title='bbox 1157 1375 1251 1454; x_wconf 79' lang='lat' dir='ltr'><strong>igitur</strong></span> 
     </span>
     <span class='ocr_line' id='line_1_11' title="bbox 165 1484 1253 1567; baseline -0.006 -16"><span class='ocrx_word' id='word_1_85' title='bbox 165 1491 324 1567; x_wconf 79' lang='lat' dir='ltr'><strong>exspectes</strong></span> <span class='ocrx_word' id='word_1_86' title='bbox 345 1486 429 1547; x_wconf 90' lang='lat' dir='ltr'><strong>aliud</strong></span> <span class='ocrx_word' id='word_1_87' title='bbox 450 1504 518 1547; x_wconf 89' lang='lat' dir='ltr'><strong>esse</strong></span> <span class='ocrx_word' id='word_1_88' title='bbox 539 1486 771 1565; x_wconf 85' lang='lat' dir='ltr'><strong>interpositum,</strong></span> <span class='ocrx_word' id='word_1_89' title='bbox 803 1487 862 1544; x_wconf 89' lang='lat' dir='ltr'><strong>uisi</strong></span> <span class='ocrx_word' id='word_1_90' title='bbox 883 1484 933 1561; x_wconf 86' lang='lat' dir='ltr'><strong>id,</strong></span> <span class='ocrx_word' id='word_1_91' title='bbox 961 1486 1017 1561; x_wconf 84' lang='lat' dir='ltr'><strong>Sp.</strong></span> <span class='ocrx_word' id='word_1_92' title='bbox 1039 1488 1139 1547; x_wconf 81' lang='lat' dir='ltr'><strong>sanct.</strong></span> <span class='ocrx_word' id='word_1_93' title='bbox 1160 1487 1253 1545; x_wconf 88' lang='lat' dir='ltr'><strong>natu-</strong></span> 
     </span>
     <span class='ocr_line' id='line_1_12' title="bbox 164 1596 1251 1677; baseline -0.007 -14"><span class='ocrx_word' id='word_1_94' title='bbox 164 1618 231 1663; x_wconf 87' lang='lat' dir='ltr'><strong>ram</strong></span> <span class='ocrx_word' id='word_1_95' title='bbox 258 1599 353 1659; x_wconf 86' lang='lat' dir='ltr'><strong>lilium</strong></span> <span class='ocrx_word' id='word_1_96' title='bbox 385 1598 503 1660; x_wconf 81' lang='lat' dir='ltr'><strong>honoro</strong></span> <span class='ocrx_word' id='word_1_97' title='bbox 533 1600 566 1657; x_wconf 89' lang='lat' dir='ltr'><strong>et</strong></span> <span class='ocrx_word' id='word_1_98' title='bbox 590 1598 737 1677; x_wconf 84' lang='lat' dir='ltr'><strong>dignitate</strong></span> <span class='ocrx_word' id='word_1_99' title='bbox 766 1596 924 1673; x_wconf 65' lang='lat' dir='ltr'><strong>aequare?</strong></span> <span class='ocrx_word' id='word_1_100' title='bbox 968 1596 1021 1656; x_wconf 87' lang='lat' dir='ltr'><strong>Sic</strong></span> <span class='ocrx_word' id='word_1_101' title='bbox 1055 1597 1137 1655; x_wconf 89' lang='lat' dir='ltr'><strong>enim</strong></span> <span class='ocrx_word' id='word_1_102' title='bbox 1168 1596 1251 1671; x_wconf 85' lang='lat' dir='ltr'><strong>telis,</strong></span> 
     </span>
     <span class='ocr_line' id='line_1_13' title="bbox 165 1706 1250 1790; baseline -0.007 -17"><span class='ocrx_word' id='word_1_103' title='bbox 165 1730 245 1790; x_wconf 83' lang='lat' dir='ltr'><strong>quac</strong></span> <span class='ocrx_word' id='word_1_104' title='bbox 267 1709 395 1783; x_wconf 86' lang='lat' dir='ltr'><strong>dicitur,</strong></span> <span class='ocrx_word' id='word_1_105' title='bbox 426 1708 565 1790; x_wconf 75' lang='lat' dir='ltr'><strong>gradatio</strong></span> <span class='ocrx_word' id='word_1_106' title='bbox 587 1708 704 1767; x_wconf 78' lang='lat' dir='ltr'><strong>eradit:</strong></span> <span class='ocrx_word' id='word_1_107' title='bbox 740 1706 786 1769; x_wconf 83' lang='lat' dir='ltr'><strong>lio</strong></span> <span class='ocrx_word' id='word_1_108' title='bbox 808 1708 875 1783; x_wconf 89' lang='lat' dir='ltr'><strong>quis</strong></span> <span class='ocrx_word' id='word_1_109' title='bbox 898 1709 1003 1783; x_wconf 85' lang='lat' dir='ltr'><strong>putet,</strong></span> <span class='ocrx_word' id='word_1_110' title='bbox 1031 1726 1067 1765; x_wconf 85' lang='lat' dir='ltr'><strong>er</strong></span> <span class='ocrx_word' id='word_1_111' title='bbox 1086 1723 1148 1765; x_wconf 83' lang='lat' dir='ltr'><strong>scr.</strong></span> <span class='ocrx_word' id='word_1_112' title='bbox 1171 1724 1250 1765; x_wconf 87' lang='lat' dir='ltr'><strong>seer.</strong></span> 
     </span>
     <span class='ocr_line' id='line_1_14' title="bbox 164 1816 1252 1903; baseline -0.009 -17"><span class='ocrx_word' id='word_1_113' title='bbox 164 1840 258 1903; x_wconf 75' lang='lat' dir='ltr'><strong>porra</strong></span> <span class='ocrx_word' id='word_1_114' title='bbox 279 1820 439 1897; x_wconf 85' lang='lat' dir='ltr'><strong>quamdam</strong></span> <span class='ocrx_word' id='word_1_115' title='bbox 460 1818 557 1879; x_wconf 89' lang='lat' dir='ltr'><strong>lilium</strong></span> <span class='ocrx_word' id='word_1_116' title='bbox 589 1822 669 1878; x_wconf 88' lang='lat' dir='ltr'><strong>inter</strong></span> <span class='ocrx_word' id='word_1_117' title='bbox 698 1822 729 1878; x_wconf 86' lang='lat' dir='ltr'><strong>ct</strong></span> <span class='ocrx_word' id='word_1_118' title='bbox 758 1820 897 1894; x_wconf 87' lang='lat' dir='ltr'><strong>spiritum</strong></span> <span class='ocrx_word' id='word_1_119' title='bbox 927 1817 1128 1877; x_wconf 80' lang='lat' dir='ltr'><strong>differentiam</strong></span> <span class='ocrx_word' id='word_1_120' title='bbox 1151 1816 1252 1891; x_wconf 78' lang='lat' dir='ltr'><strong>offici3</strong></span> 
     </span>
     <span class='ocr_line' id='line_1_15' title="bbox 165 1928 1253 2009; baseline -0.006 -15"><span class='ocrx_word' id='word_1_121' title='bbox 165 1934 227 1993; x_wconf 87' lang='lat' dir='ltr'><strong>tria</strong></span> <span class='ocrx_word' id='word_1_122' title='bbox 250 1933 353 2009; x_wconf 88' lang='lat' dir='ltr'><strong>potius</strong></span> <span class='ocrx_word' id='word_1_123' title='bbox 382 1931 414 1987; x_wconf 92' lang='lat' dir='ltr'><strong>in</strong></span> <span class='ocrx_word' id='word_1_124' title='bbox 446 1929 505 1988; x_wconf 88' lang='lat' dir='ltr'><strong>deo</strong></span> <span class='ocrx_word' id='word_1_125' title='bbox 534 1929 586 1987; x_wconf 89' lang='lat' dir='ltr'><strong>illa</strong></span> <span class='ocrx_word' id='word_1_126' title='bbox 619 1932 691 1986; x_wconf 86' lang='lat' dir='ltr'><strong>suut</strong></span> <span class='ocrx_word' id='word_1_127' title='bbox 718 1928 867 2004; x_wconf 78' lang='lat' dir='ltr'><strong>aequalia.</strong></span> <span class='ocrx_word' id='word_1_128' title='bbox 910 1929 980 1987; x_wconf 81' lang='lat' dir='ltr'><strong>dam</strong></span> <span class='ocrx_word' id='word_1_129' title='bbox 1009 1928 1123 2004; x_wconf 85' lang='lat' dir='ltr'><strong>repetit</strong></span> <span class='ocrx_word' id='word_1_130' title='bbox 1152 1928 1253 1987; x_wconf 84' lang='lat' dir='ltr'><strong>auimo</strong></span> 
     </span>
     <span class='ocr_line' id='line_1_16' title="bbox 165 2037 1252 2117; baseline -0.006 -14"><span class='ocrx_word' id='word_1_131' title='bbox 165 2044 284 2117; x_wconf 81' lang='lat' dir='ltr'><strong>auctor,</strong></span> <span class='ocrx_word' id='word_1_132' title='bbox 306 2039 388 2116; x_wconf 91' lang='lat' dir='ltr'><strong>quod</strong></span> <span class='ocrx_word' id='word_1_133' title='bbox 411 2037 608 2097; x_wconf 79' lang='lat' dir='ltr'><strong>offensionem</strong></span> <span class='ocrx_word' id='word_1_134' title='bbox 631 2040 751 2113; x_wconf 81' lang='lat' dir='ltr'><strong>poterat</strong></span> <span class='ocrx_word' id='word_1_135' title='bbox 768 2056 908 2099; x_wconf 79' lang='lat' dir='ltr'><strong>moveras</strong></span> <span class='ocrx_word' id='word_1_136' title='bbox 931 2040 964 2098; x_wconf 82' lang='lat' dir='ltr'><strong>Si</strong></span> <span class='ocrx_word' id='word_1_137' title='bbox 986 2056 1047 2115; x_wconf 86' lang='lat' dir='ltr'><strong>quo</strong></span> <span class='ocrx_word' id='word_1_138' title='bbox 1069 2041 1117 2098; x_wconf 85' lang='lat' dir='ltr'><strong>est</strong></span> <span class='ocrx_word' id='word_1_139' title='bbox 1135 2040 1168 2097; x_wconf 90' lang='lat' dir='ltr'><strong>iu</strong></span> <span class='ocrx_word' id='word_1_140' title='bbox 1185 2040 1252 2097; x_wconf 84' lang='lat' dir='ltr'><strong>Sor.</strong></span> 
     </span>
     <span class='ocr_line' id='line_1_17' title="bbox 164 2148 1253 2225; baseline -0.005 -13"><span class='ocrx_word' id='word_1_141' title='bbox 164 2169 245 2213; x_wconf 81' lang='lat' dir='ltr'><strong>sacr.</strong></span> <span class='ocrx_word' id='word_1_142' title='bbox 267 2152 351 2209; x_wconf 85' lang='lat' dir='ltr'><strong>varia</strong></span> <span class='ocrx_word' id='word_1_143' title='bbox 371 2149 438 2208; x_wconf 87' lang='lat' dir='ltr'><strong>Filii</strong></span> <span class='ocrx_word' id='word_1_144' title='bbox 462 2150 494 2207; x_wconf 89' lang='lat' dir='ltr'><strong>et</strong></span> <span class='ocrx_word' id='word_1_145' title='bbox 508 2148 562 2225; x_wconf 80' lang='lat' dir='ltr'><strong>Sp.</strong></span> <span class='ocrx_word' id='word_1_146' title='bbox 586 2148 766 2221; x_wconf 80' lang='lat' dir='ltr'><strong>collocati03</strong></span> <span class='ocrx_word' id='word_1_147' title='bbox 789 2165 850 2205; x_wconf 92' lang='lat' dir='ltr'><strong>non</strong></span> <span class='ocrx_word' id='word_1_148' title='bbox 872 2148 944 2208; x_wconf 88' lang='lat' dir='ltr'><strong>hinc</strong></span> <span class='ocrx_word' id='word_1_149' title='bbox 964 2149 1009 2221; x_wconf 88' lang='lat' dir='ltr'><strong>iit,</strong></span> <span class='ocrx_word' id='word_1_150' title='bbox 1028 2150 1115 2223; x_wconf 87' lang='lat' dir='ltr'><strong>quasi</strong></span> <span class='ocrx_word' id='word_1_151' title='bbox 1135 2149 1253 2207; x_wconf 80' lang='lat' dir='ltr'><strong>utrius-</strong></span> 
     </span>
     <span class='ocr_line' id='line_1_18' title="bbox 163 2257 1252 2340; baseline -0.003 -19"><span class='ocrx_word' id='word_1_152' title='bbox 163 2279 226 2340; x_wconf 82' lang='lat' dir='ltr'><strong>que</strong></span> <span class='ocrx_word' id='word_1_153' title='bbox 247 2278 398 2339; x_wconf 85' lang='lat' dir='ltr'><strong>personae</strong></span> <span class='ocrx_word' id='word_1_154' title='bbox 422 2258 461 2317; x_wconf 89' lang='lat' dir='ltr'><strong>ad</strong></span> <span class='ocrx_word' id='word_1_155' title='bbox 489 2262 608 2337; x_wconf 83' lang='lat' dir='ltr'><strong>patrem</strong></span> <span class='ocrx_word' id='word_1_156' title='bbox 637 2277 699 2318; x_wconf 92' lang='lat' dir='ltr'><strong>uon</strong></span> <span class='ocrx_word' id='word_1_157' title='bbox 721 2257 826 2319; x_wconf 84' lang='lat' dir='ltr'><strong>eadem</strong></span> <span class='ocrx_word' id='word_1_158' title='bbox 854 2264 936 2319; x_wconf 85' lang='lat' dir='ltr'><strong>essct</strong></span> <span class='ocrx_word' id='word_1_159' title='bbox 955 2261 1055 2337; x_wconf 87' lang='lat' dir='ltr'><strong>ratio;</strong></span> <span class='ocrx_word' id='word_1_160' title='bbox 1087 2260 1252 2319; x_wconf 85' lang='lat' dir='ltr'><strong>utcontra</strong></span> 
     </span>
     <span class='ocr_line' id='line_1_19' title="bbox 164 2368 1253 2446; baseline -0.002 -15"><span class='ocrx_word' id='word_1_161' title='bbox 164 2371 203 2432; x_wconf 87' lang='lat' dir='ltr'><strong>ad</strong></span> <span class='ocrx_word' id='word_1_162' title='bbox 226 2370 322 2431; x_wconf 81' lang='lat' dir='ltr'><strong>filiuni</strong></span> <span class='ocrx_word' id='word_1_163' title='bbox 345 2372 409 2429; x_wconf 88' lang='lat' dir='ltr'><strong>sinc</strong></span> <span class='ocrx_word' id='word_1_164' title='bbox 433 2368 498 2429; x_wconf 90' lang='lat' dir='ltr'><strong>ulla</strong></span> <span class='ocrx_word' id='word_1_165' title='bbox 520 2388 554 2429; x_wconf 89' lang='lat' dir='ltr'><strong>re</strong></span> <span class='ocrx_word' id='word_1_166' title='bbox 585 2372 616 2429; x_wconf 90' lang='lat' dir='ltr'><strong>in</strong></span> <span class='ocrx_word' id='word_1_167' title='bbox 648 2370 748 2429; x_wconf 83' lang='lat' dir='ltr'><strong>medio</strong></span> <span class='ocrx_word' id='word_1_168' title='bbox 778 2372 878 2446; x_wconf 87' lang='lat' dir='ltr'><strong>posita</strong></span> <span class='ocrx_word' id='word_1_169' title='bbox 909 2368 1042 2443; x_wconf 75' lang='grc' dir='ltr'><strong>(ἀμέσως)</strong></span> <span class='ocrx_word' id='word_1_170' title='bbox 1071 2373 1103 2429; x_wconf 86' lang='lat' dir='ltr'><strong>et</strong></span> <span class='ocrx_word' id='word_1_171' title='bbox 1122 2370 1253 2431; x_wconf 81' lang='lat' dir='ltr'><strong>maxime</strong></span> 
     </span>
     <span class='ocr_line' id='line_1_20' title="bbox 165 2479 1252 2558; baseline -0.002 -16"><span class='ocrx_word' id='word_1_172' title='bbox 165 2500 235 2542; x_wconf 88' lang='lat' dir='ltr'><strong>curu</strong></span> <span class='ocrx_word' id='word_1_173' title='bbox 255 2480 450 2540; x_wconf 86' lang='lat' dir='ltr'><strong>similitudino</strong></span> <span class='ocrx_word' id='word_1_174' title='bbox 472 2500 506 2540; x_wconf 87' lang='lat' dir='ltr'><strong>so</strong></span> <span class='ocrx_word' id='word_1_175' title='bbox 524 2480 618 2539; x_wconf 86' lang='lat' dir='ltr'><strong>habet</strong></span> <span class='ocrx_word' id='word_1_176' title='bbox 640 2482 775 2557; x_wconf 83' lang='lat' dir='ltr'><strong>spirltus.</strong></span> <span class='ocrx_word' id='word_1_177' title='bbox 807 2479 884 2540; x_wconf 83' lang='lat' dir='ltr'><strong>Esto</strong></span> <span class='ocrx_word' id='word_1_178' title='bbox 905 2481 997 2558; x_wconf 83' lang='lat' dir='ltr'><strong>igitur</strong></span> <span class='ocrx_word' id='word_1_179' title='bbox 1018 2498 1056 2539; x_wconf 80' lang='lat' dir='ltr'><strong>er</strong></span> <span class='ocrx_word' id='word_1_180' title='bbox 1077 2498 1138 2541; x_wconf 91' lang='lat' dir='ltr'><strong>scr.</strong></span> <span class='ocrx_word' id='word_1_181' title='bbox 1160 2498 1252 2554; x_wconf 64' lang='lat' dir='ltr'><strong>sacr„</strong></span> 
     </span>
     <span class='ocr_line' id='line_1_21' title="bbox 164 2589 1254 2667; baseline -0.004 -14"><span class='ocrx_word' id='word_1_182' title='bbox 164 2591 206 2653; x_wconf 87' lang='lat' dir='ltr'><strong>ad</strong></span> <span class='ocrx_word' id='word_1_183' title='bbox 226 2591 326 2651; x_wconf 84' lang='lat' dir='ltr'><strong>licum</strong></span> <span class='ocrx_word' id='word_1_184' title='bbox 348 2592 438 2649; x_wconf 85' lang='lat' dir='ltr'><strong>etiam</strong></span> <span class='ocrx_word' id='word_1_185' title='bbox 460 2590 580 2667; x_wconf 84' lang='lat' dir='ltr'><strong>spiritui</strong></span> <span class='ocrx_word' id='word_1_186' title='bbox 608 2589 736 2651; x_wconf 84' lang='lat' dir='ltr'><strong>eandem</strong></span> <span class='ocrx_word' id='word_1_187' title='bbox 767 2610 835 2651; x_wconf 85' lang='lat' dir='ltr'><strong>esso</strong></span> <span class='ocrx_word' id='word_1_188' title='bbox 862 2591 1032 2664; x_wconf 75' lang='lat' dir='ltr'><strong>rationetu3</strong></span> <span class='ocrx_word' id='word_1_189' title='bbox 1054 2593 1090 2649; x_wconf 92' lang='lat' dir='ltr'><strong>ut</strong></span> <span class='ocrx_word' id='word_1_190' title='bbox 1118 2591 1254 2650; x_wconf 80' lang='lat' dir='ltr'><strong>breviter</strong></span> 
     </span>
     <span class='ocr_line' id='line_1_22' title="bbox 165 2699 1252 2779; baseline 0 -18"><span class='ocrx_word' id='word_1_191' title='bbox 165 2700 282 2761; x_wconf 82' lang='lat' dir='ltr'><strong>dicem:</strong></span> <span class='ocrx_word' id='word_1_192' title='bbox 313 2702 446 2778; x_wconf 77' lang='lat' dir='ltr'><strong>Spiritus</strong></span> <span class='ocrx_word' id='word_1_193' title='bbox 479 2718 540 2759; x_wconf 91' lang='lat' dir='ltr'><strong>uon</strong></span> <span class='ocrx_word' id='word_1_194' title='bbox 561 2701 661 2761; x_wconf 87' lang='lat' dir='ltr'><strong>solum</strong></span> <span class='ocrx_word' id='word_1_195' title='bbox 682 2720 751 2761; x_wconf 86' lang='lat' dir='ltr'><strong>cunr</strong></span> <span class='ocrx_word' id='word_1_196' title='bbox 772 2700 847 2775; x_wconf 88' lang='lat' dir='ltr'><strong>filio,</strong></span> <span class='ocrx_word' id='word_1_197' title='bbox 881 2699 937 2762; x_wconf 83' lang='lat' dir='ltr'><strong>red</strong></span> <span class='ocrx_word' id='word_1_198' title='bbox 966 2702 1057 2760; x_wconf 87' lang='lat' dir='ltr'><strong>etiem</strong></span> <span class='ocrx_word' id='word_1_199' title='bbox 1089 2719 1160 2761; x_wconf 82' lang='lat' dir='ltr'><strong>cunr</strong></span> <span class='ocrx_word' id='word_1_200' title='bbox 1182 2704 1252 2779; x_wconf 87' lang='lat' dir='ltr'><strong>ipso</strong></span> 
     </span>
     <span class='ocr_line' id='line_1_23' title="bbox 163 2812 1253 2889; baseline 0.001 -18"><span class='ocrx_word' id='word_1_201' title='bbox 163 2816 252 2889; x_wconf 85' lang='lat' dir='ltr'><strong>patro</strong></span> <span class='ocrx_word' id='word_1_202' title='bbox 274 2812 380 2873; x_wconf 87' lang='lat' dir='ltr'><strong>cadom</strong></span> <span class='ocrx_word' id='word_1_203' title='bbox 410 2814 520 2871; x_wconf 89' lang='lat' dir='ltr'><strong>natura</strong></span> <span class='ocrx_word' id='word_1_204' title='bbox 550 2816 607 2872; x_wconf 86' lang='lat' dir='ltr'><strong>est.</strong></span> <span class='ocrx_word' id='word_1_205' title='bbox 651 2815 737 2888; x_wconf 78' lang='lat' dir='ltr'><strong>Quae</strong></span> <span class='ocrx_word' id='word_1_206' title='bbox 768 2814 869 2872; x_wconf 87' lang='lat' dir='ltr'><strong>omnia</strong></span> <span class='ocrx_word' id='word_1_207' title='bbox 896 2813 996 2869; x_wconf 86' lang='lat' dir='ltr'><strong>minus</strong></span> <span class='ocrx_word' id='word_1_208' title='bbox 1025 2812 1104 2872; x_wconf 85' lang='lat' dir='ltr'><strong>bono</strong></span> <span class='ocrx_word' id='word_1_209' title='bbox 1136 2830 1171 2871; x_wconf 88' lang='lat' dir='ltr'><strong>se</strong></span> <span class='ocrx_word' id='word_1_210' title='bbox 1196 2813 1253 2873; x_wconf 88' lang='lat' dir='ltr'><strong>lra-</strong></span> 
     </span>
     <span class='ocr_line' id='line_1_24' title="bbox 165 2921 1251 3003; baseline 0.002 -22"><span class='ocrx_word' id='word_1_211' title='bbox 165 2924 255 2997; x_wconf 79' lang='lat' dir='ltr'><strong>bont,</strong></span> <span class='ocrx_word' id='word_1_212' title='bbox 288 2923 446 3003; x_wconf 78' lang='lat' dir='ltr'><strong>marginali</strong></span> <span class='ocrx_word' id='word_1_213' title='bbox 475 2923 607 2983; x_wconf 87' lang='lat' dir='ltr'><strong>lectione</strong></span> <span class='ocrx_word' id='word_1_214' title='bbox 635 2942 708 2982; x_wconf 75' lang='lat' dir='ltr'><strong>acra</strong></span> <span class='ocrx_word' id='word_1_215' title='bbox 734 2924 849 2983; x_wconf 79' lang='lat' dir='ltr'><strong>liabita.</strong></span> <span class='ocrx_word' id='word_1_216' title='bbox 892 2921 1044 2998; x_wconf 83' lang='lat' dir='ltr'><strong>Displicet</strong></span> <span class='ocrx_word' id='word_1_217' title='bbox 1065 2942 1127 2982; x_wconf 90' lang='lat' dir='ltr'><strong>noa</strong></span> <span class='ocrx_word' id='word_1_218' title='bbox 1149 2922 1251 2983; x_wconf 89' lang='lat' dir='ltr'><strong>soluru</strong></span> 
     </span>
     <span class='ocr_line' id='line_1_25' title="bbox 161 3031 1252 3114; baseline 0.004 -24"><span class='ocrx_word' id='word_1_219' title='bbox 161 3032 239 3091; x_wconf 88' lang='lat' dir='ltr'><strong>illud</strong></span> <span class='ocrx_word' id='word_1_220' title='bbox 260 3036 379 3114; x_wconf 68' lang='grc' dir='ltr'><strong>ἄπαγε</strong></span> <span class='ocrx_word' id='word_1_221' title='bbox 402 3045 469 3098; x_wconf 80' lang='grc' dir='ltr'><strong>τοῦ</strong></span> <span class='ocrx_word' id='word_1_222' title='bbox 492 3045 607 3100; x_wconf 75' lang='lat' dir='ltr'><strong>reiro</strong></span> <span class='ocrx_word' id='word_1_223' title='bbox 632 3040 774 3113; x_wconf 72' lang='lat' dir='ltr'><strong>lipsio,</strong></span> <span class='ocrx_word' id='word_1_224' title='bbox 796 3032 879 3111; x_wconf 87' lang='lat' dir='ltr'><strong>quod</strong></span> <span class='ocrx_word' id='word_1_225' title='bbox 898 3052 916 3090; x_wconf 88' lang='lat' dir='ltr'><strong>a</strong></span> <span class='ocrx_word' id='word_1_226' title='bbox 933 3031 1003 3091; x_wconf 85' lang='lat' dir='ltr'><strong>libri</strong></span> <span class='ocrx_word' id='word_1_227' title='bbox 1018 3032 1145 3092; x_wconf 81' lang='lat' dir='ltr'><strong>lenitate</strong></span> <span class='ocrx_word' id='word_1_228' title='bbox 1160 3034 1252 3111; x_wconf 87' lang='lat' dir='ltr'><strong>paul·</strong></span> 
     </span>
     <span class='ocr_line' id='line_1_26' title="bbox 161 3142 1253 3221; baseline 0.004 -19"><span class='ocrx_word' id='word_1_229' title='bbox 161 3142 259 3203; x_wconf 83' lang='lat' dir='ltr'><strong>lulum</strong></span> <span class='ocrx_word' id='word_1_230' title='bbox 283 3143 445 3215; x_wconf 80' lang='lat' dir='ltr'><strong>abliorrct3</strong></span> <span class='ocrx_word' id='word_1_231' title='bbox 474 3142 529 3202; x_wconf 87' lang='lat' dir='ltr'><strong>scd</strong></span> <span class='ocrx_word' id='word_1_232' title='bbox 560 3144 651 3203; x_wconf 81' lang='lat' dir='ltr'><strong>etiaur</strong></span> <span class='ocrx_word' id='word_1_233' title='bbox 679 3145 744 3203; x_wconf 86' lang='lat' dir='ltr'><strong>tota</strong></span> <span class='ocrx_word' id='word_1_234' title='bbox 765 3145 911 3221; x_wconf 78' lang='lat' dir='ltr'><strong>expositio</strong></span> <span class='ocrx_word' id='word_1_235' title='bbox 935 3145 1021 3219; x_wconf 87' lang='lat' dir='ltr'><strong>quasi</strong></span> <span class='ocrx_word' id='word_1_236' title='bbox 1044 3144 1160 3203; x_wconf 87' lang='lat' dir='ltr'><strong>circulo</strong></span> <span class='ocrx_word' id='word_1_237' title='bbox 1183 3164 1253 3206; x_wconf 84' lang='lat' dir='ltr'><strong>sae-</strong></span> 
     </span>
     <span class='ocr_line' id='line_1_27' title="bbox 163 3252 1252 3330; baseline 0.004 -19"><span class='ocrx_word' id='word_1_238' title='bbox 163 3256 232 3330; x_wconf 87' lang='lat' dir='ltr'><strong>pius</strong></span> <span class='ocrx_word' id='word_1_239' title='bbox 251 3254 316 3329; x_wconf 80' lang='lat' dir='ltr'><strong>jnm</strong></span> <span class='ocrx_word' id='word_1_240' title='bbox 338 3252 491 3328; x_wconf 82' lang='lat' dir='ltr'><strong>descripto</strong></span> <span class='ocrx_word' id='word_1_241' title='bbox 514 3255 659 3328; x_wconf 80' lang='lat' dir='ltr'><strong>vertitur,</strong></span> <span class='ocrx_word' id='word_1_242' title='bbox 692 3256 722 3311; x_wconf 90' lang='lat' dir='ltr'><strong>in</strong></span> <span class='ocrx_word' id='word_1_243' title='bbox 744 3256 838 3315; x_wconf 88' lang='lat' dir='ltr'><strong>totius</strong></span> <span class='ocrx_word' id='word_1_244' title='bbox 861 3256 1003 3313; x_wconf 82' lang='lat' dir='ltr'><strong>trinitatis</strong></span> <span class='ocrx_word' id='word_1_245' title='bbox 1025 3258 1137 3315; x_wconf 84' lang='lat' dir='ltr'><strong>ustura</strong></span> <span class='ocrx_word' id='word_1_246' title='bbox 1157 3257 1252 3317; x_wconf 81' lang='lat' dir='ltr'><strong>ruari-</strong></span> 
     </span>
     <span class='ocr_line' id='line_1_28' title="bbox 162 3360 1252 3445; baseline 0.006 -22"><span class='ocrx_word' id='word_1_247' title='bbox 162 3383 211 3423; x_wconf 87' lang='lat' dir='ltr'><strong>mo</strong></span> <span class='ocrx_word' id='word_1_248' title='bbox 233 3363 354 3441; x_wconf 78' lang='lat' dir='ltr'><strong>aequali</strong></span> <span class='ocrx_word' id='word_1_249' title='bbox 375 3360 602 3438; x_wconf 79' lang='lat' dir='ltr'><strong>adumbranda3</strong></span> <span class='ocrx_word' id='word_1_250' title='bbox 624 3383 682 3423; x_wconf 84' lang='lat' dir='ltr'><strong>noc</strong></span> <span class='ocrx_word' id='word_1_251' title='bbox 705 3366 866 3425; x_wconf 74' lang='lat' dir='ltr'><strong>trandtum</strong></span> <span class='ocrx_word' id='word_1_252' title='bbox 892 3366 967 3425; x_wconf 88' lang='lat' dir='ltr'><strong>iacit</strong></span> <span class='ocrx_word' id='word_1_253' title='bbox 988 3364 1097 3443; x_wconf 87' lang='lat' dir='ltr'><strong>adid,</strong></span> <span class='ocrx_word' id='word_1_254' title='bbox 1126 3366 1166 3427; x_wconf 86' lang='lat' dir='ltr'><strong>do</strong></span> <span class='ocrx_word' id='word_1_255' title='bbox 1188 3384 1252 3445; x_wconf 88' lang='lat' dir='ltr'><strong>quo</strong></span> 
     </span>
     <span class='ocr_line' id='line_1_29' title="bbox 164 3471 1264 3566; baseline 0.005 -32"><span class='ocrx_word' id='word_1_256' title='bbox 164 3493 226 3535; x_wconf 89' lang='lat' dir='ltr'><strong>uno</strong></span> <span class='ocrx_word' id='word_1_257' title='bbox 248 3492 348 3533; x_wconf 87' lang='lat' dir='ltr'><strong>sermo</strong></span> <span class='ocrx_word' id='word_1_258' title='bbox 370 3475 438 3551; x_wconf 88' lang='lat' dir='ltr'><strong>est,</strong></span> <span class='ocrx_word' id='word_1_259' title='bbox 471 3471 511 3534; x_wconf 87' lang='lat' dir='ltr'><strong>do</strong></span> <span class='ocrx_word' id='word_1_260' title='bbox 532 3474 664 3551; x_wconf 84' lang='lat' dir='ltr'><strong>Spiritus</strong></span> <span class='ocrx_word' id='word_1_261' title='bbox 687 3493 713 3535; x_wconf 85' lang='lat' dir='ltr'><strong>s.</strong></span> <span class='ocrx_word' id='word_1_262' title='bbox 735 3475 836 3537; x_wconf 80' lang='lat' dir='ltr'><strong>divino</strong></span> <span class='ocrx_word' id='word_1_263' title='bbox 857 3478 990 3537; x_wconf 87' lang='lat' dir='ltr'><strong>numine.</strong></span> <span class='ocrx_word' id='word_1_264' title='bbox 1032 3475 1164 3538; x_wconf 86' lang='lat' dir='ltr'><strong>liloleste</strong></span> <span class='ocrx_word' id='word_1_265' title='bbox 1186 3489 1264 3566; x_wconf 35' lang='lat' dir='ltr'><strong>ures·</strong></span> 
     </span>
    </p>
   </div>
   <div class='ocr_carea' id='block_1_3' title="bbox 158 3736 1250 4234">
    <p class='ocr_par' dir='ltr' id='par_1_4' title="bbox 158 3736 1250 4234">
     <span class='ocr_line' id='line_1_30' title="bbox 231 3736 1250 3813; baseline 0.007 -19"><span class='ocrx_word' id='word_1_266' title='bbox 231 3740 258 3809; x_wconf 95' lang='lat' dir='ltr'><strong>l)</strong></span> <span class='ocrx_word' id='word_1_267' title='bbox 278 3738 327 3795; x_wconf 87' lang='lat' dir='ltr'><strong>llis</strong></span> <span class='ocrx_word' id='word_1_268' title='bbox 350 3738 440 3793; x_wconf 83' lang='lat' dir='ltr'><strong>verbis</strong></span> <span class='ocrx_word' id='word_1_269' title='bbox 463 3754 543 3793; x_wconf 77' lang='lat' dir='ltr'><strong>ersus:</strong></span> <span class='ocrx_word' id='word_1_270' title='bbox 567 3736 648 3794; x_wconf 81' lang='lat' dir='ltr'><strong>Nlclrt</strong></span> <span class='ocrx_word' id='word_1_271' title='bbox 673 3742 735 3797; x_wconf 77' lang='lat' dir='ltr'><strong>alass</strong></span> <span class='ocrx_word' id='word_1_272' title='bbox 760 3742 919 3813; x_wconf 78' lang='lat' dir='ltr'><strong>desssvegen</strong></span> <span class='ocrx_word' id='word_1_273' title='bbox 946 3742 1045 3813; x_wconf 79' lang='lat' dir='ltr'><strong>einiger</strong></span> <span class='ocrx_word' id='word_1_274' title='bbox 1066 3738 1250 3801; x_wconf 75' lang='lat' dir='ltr'><strong>Uutersclrld</strong></span> 
     </span>
     <span class='ocr_line' id='line_1_31' title="bbox 162 3822 1248 3897; baseline 0.007 -19"><span class='ocrx_word' id='word_1_275' title='bbox 162 3826 236 3878; x_wconf 75' lang='lat' dir='ltr'><strong>avire</strong></span> <span class='ocrx_word' id='word_1_276' title='bbox 259 3835 336 3879; x_wconf 79' lang='lat' dir='ltr'><strong>irater</strong></span> <span class='ocrx_word' id='word_1_277' title='bbox 360 3826 420 3879; x_wconf 85' lang='lat' dir='ltr'><strong>dem</strong></span> <span class='ocrx_word' id='word_1_278' title='bbox 440 3822 542 3877; x_wconf 75' lang='lat' dir='ltr'><strong>ii&#39;eren</strong></span> <span class='ocrx_word' id='word_1_279' title='bbox 565 3824 615 3879; x_wconf 84' lang='lat' dir='ltr'><strong>des</strong></span> <span class='ocrx_word' id='word_1_280' title='bbox 638 3826 746 3882; x_wconf 74' lang='lat' dir='ltr'><strong>Solae·</strong></span> <span class='ocrx_word' id='word_1_281' title='bbox 771 3844 827 3881; x_wconf 86' lang='lat' dir='ltr'><strong>von</strong></span> <span class='ocrx_word' id='word_1_282' title='bbox 852 3830 900 3881; x_wconf 86' lang='lat' dir='ltr'><strong>des</strong></span> <span class='ocrx_word' id='word_1_283' title='bbox 924 3826 986 3881; x_wconf 86' lang='lat' dir='ltr'><strong>lreil.</strong></span> <span class='ocrx_word' id='word_1_284' title='bbox 1006 3826 1111 3882; x_wconf 82' lang='lat' dir='ltr'><strong>Geister</strong></span> <span class='ocrx_word' id='word_1_285' title='bbox 1135 3830 1248 3897; x_wconf 66' lang='lat' dir='ltr'><strong>minem,</strong></span> 
     </span>
     <span class='ocr_line' id='line_1_32' title="bbox 162 3907 1249 3983; baseline 0.01 -22"><span class='ocrx_word' id='word_1_286' title='bbox 162 3910 230 3962; x_wconf 85' lang='lat' dir='ltr'><strong>oder</strong></span> <span class='ocrx_word' id='word_1_287' title='bbox 247 3909 295 3963; x_wconf 84' lang='lat' dir='ltr'><strong>dos</strong></span> <span class='ocrx_word' id='word_1_288' title='bbox 311 3909 424 3981; x_wconf 78' lang='lat' dir='ltr'><strong>heiligen</strong></span> <span class='ocrx_word' id='word_1_289' title='bbox 435 3907 541 3963; x_wconf 83' lang='lat' dir='ltr'><strong>Geister</strong></span> <span class='ocrx_word' id='word_1_290' title='bbox 557 3924 612 3965; x_wconf 88' lang='lat' dir='ltr'><strong>von</strong></span> <span class='ocrx_word' id='word_1_291' title='bbox 629 3912 677 3966; x_wconf 84' lang='lat' dir='ltr'><strong>der</strong></span> <span class='ocrx_word' id='word_1_292' title='bbox 688 3910 796 3965; x_wconf 62' lang='lat' dir='ltr'><strong>&amp;lines</strong></span> <span class='ocrx_word' id='word_1_293' title='bbox 814 3916 924 3967; x_wconf 84' lang='lat' dir='ltr'><strong>seinom.</strong></span> <span class='ocrx_word' id='word_1_294' title='bbox 960 3912 1031 3983; x_wconf 81' lang='lat' dir='ltr'><strong>ll&#39;cg</strong></span> <span class='ocrx_word' id='word_1_295' title='bbox 1047 3916 1094 3967; x_wconf 88' lang='lat' dir='ltr'><strong>mit</strong></span> <span class='ocrx_word' id='word_1_296' title='bbox 1113 3915 1185 3983; x_wconf 89' lang='lat' dir='ltr'><strong>dem,</strong></span> <span class='ocrx_word' id='word_1_297' title='bbox 1199 3915 1249 3971; x_wconf 85' lang='lat' dir='ltr'><strong>der</strong></span> 
     </span>
     <span class='ocr_line' id='line_1_33' title="bbox 160 3984 1248 4071; baseline 0.01 -26"><span class='ocrx_word' id='word_1_298' title='bbox 160 4010 193 4046; x_wconf 88' lang='lat' dir='ltr'><strong>so</strong></span> <span class='ocrx_word' id='word_1_299' title='bbox 210 3992 302 4046; x_wconf 88' lang='lat' dir='ltr'><strong>redet:</strong></span> <span class='ocrx_word' id='word_1_300' title='bbox 320 3996 437 4049; x_wconf 84' lang='lat' dir='ltr'><strong>sondern</strong></span> <span class='ocrx_word' id='word_1_301' title='bbox 454 3994 514 4049; x_wconf 83' lang='lat' dir='ltr'><strong>weil</strong></span> <span class='ocrx_word' id='word_1_302' title='bbox 532 3994 572 4049; x_wconf 88' lang='lat' dir='ltr'><strong>sie</strong></span> <span class='ocrx_word' id='word_1_303' title='bbox 588 3984 661 4051; x_wconf 74' lang='lat' dir='ltr'><strong>eluas</strong></span> <span class='ocrx_word' id='word_1_304' title='bbox 679 3996 796 4051; x_wconf 83' lang='lat' dir='ltr'><strong>Wesens</strong></span> <span class='ocrx_word' id='word_1_305' title='bbox 814 3998 867 4051; x_wconf 80' lang='lat' dir='ltr'><strong>irad</strong></span> <span class='ocrx_word' id='word_1_306' title='bbox 885 3998 1000 4067; x_wconf 81' lang='lat' dir='ltr'><strong>gleiclrar</strong></span> <span class='ocrx_word' id='word_1_307' title='bbox 1017 3998 1091 4053; x_wconf 82' lang='lat' dir='ltr'><strong>Ehre</strong></span> <span class='ocrx_word' id='word_1_308' title='bbox 1107 4002 1177 4071; x_wconf 86' lang='lat' dir='ltr'><strong>sind,</strong></span> <span class='ocrx_word' id='word_1_309' title='bbox 1196 4005 1248 4055; x_wconf 83' lang='lat' dir='ltr'><strong>wie</strong></span> 
     </span>
     <span class='ocr_line' id='line_1_34' title="bbox 160 4078 1248 4153; baseline 0.008 -22"><span class='ocrx_word' id='word_1_310' title='bbox 160 4078 210 4131; x_wconf 87' lang='lat' dir='ltr'><strong>wir</strong></span> <span class='ocrx_word' id='word_1_311' title='bbox 225 4080 416 4146; x_wconf 72' lang='lat' dir='ltr'><strong>sorgomeldet,</strong></span> <span class='ocrx_word' id='word_1_312' title='bbox 434 4078 487 4133; x_wconf 86' lang='lat' dir='ltr'><strong>aad</strong></span> <span class='ocrx_word' id='word_1_313' title='bbox 505 4078 568 4133; x_wconf 73' lang='lat' dir='ltr'><strong>dress</strong></span> <span class='ocrx_word' id='word_1_314' title='bbox 586 4080 752 4134; x_wconf 81' lang='lat' dir='ltr'><strong>uuniittelbar</strong></span> <span class='ocrx_word' id='word_1_315' title='bbox 769 4082 822 4136; x_wconf 83' lang='lat' dir='ltr'><strong>und</strong></span> <span class='ocrx_word' id='word_1_316' title='bbox 836 4082 921 4153; x_wconf 78' lang='lat' dir='ltr'><strong>gleiclr</strong></span> <span class='ocrx_word' id='word_1_317' title='bbox 938 4098 1090 4139; x_wconf 82' lang='lat' dir='ltr'><strong>ziisururnca</strong></span> <span class='ocrx_word' id='word_1_318' title='bbox 1106 4086 1155 4139; x_wconf 83' lang='lat' dir='ltr'><strong>dor</strong></span> <span class='ocrx_word' id='word_1_319' title='bbox 1169 4087 1248 4141; x_wconf 72' lang='lat' dir='ltr'><strong>Solia</strong></span> 
     </span>
     <span class='ocr_line' id='line_1_35' title="bbox 158 4161 1246 4234; baseline 0.008 -19"><span class='ocrx_word' id='word_1_320' title='bbox 158 4162 212 4215; x_wconf 86' lang='lat' dir='ltr'><strong>und</strong></span> <span class='ocrx_word' id='word_1_321' title='bbox 230 4162 279 4216; x_wconf 86' lang='lat' dir='ltr'><strong>der</strong></span> <span class='ocrx_word' id='word_1_322' title='bbox 295 4162 390 4233; x_wconf 78' lang='lat' dir='ltr'><strong>heiliga</strong></span> <span class='ocrx_word' id='word_1_323' title='bbox 413 4161 487 4218; x_wconf 82' lang='lat' dir='ltr'><strong>Geirt</strong></span> <span class='ocrx_word' id='word_1_324' title='bbox 508 4164 583 4219; x_wconf 82' lang='lat' dir='ltr'><strong>ihren</strong></span> <span class='ocrx_word' id='word_1_325' title='bbox 604 4162 745 4234; x_wconf 73' lang='lat' dir='ltr'><strong>Ursprung</strong></span> <span class='ocrx_word' id='word_1_326' title='bbox 770 4181 834 4221; x_wconf 76' lang='lat' dir='ltr'><strong>cour</strong></span> <span class='ocrx_word' id='word_1_327' title='bbox 853 4166 935 4220; x_wconf 71' lang='lat' dir='ltr'><strong>i‘nan</strong></span> <span class='ocrx_word' id='word_1_328' title='bbox 958 4166 1056 4226; x_wconf 72' lang='lat' dir='ltr'><strong>harben.</strong></span> <span class='ocrx_word' id='word_1_329' title='bbox 1091 4166 1151 4223; x_wconf 85' lang='lat' dir='ltr'><strong>Der</strong></span> <span class='ocrx_word' id='word_1_330' title='bbox 1167 4168 1246 4225; x_wconf 82' lang='lat' dir='ltr'><strong>Solia</strong></span> 
     </span>
    </p>
   </div>
   <div class='ocr_carea' id='block_1_4' title="bbox 153 4246 1189 4334">
    <p class='ocr_par' dir='ltr' id='par_1_5' title="bbox 153 4246 1189 4334">
     <span class='ocr_line' id='line_1_36' title="bbox 153 4246 1189 4334; baseline 0.014 -36"><span class='ocrx_word' id='word_1_331' title='bbox 153 4261 228 4301; x_wconf 83' lang='lat' dir='ltr'><strong>nwar</strong></span> <span class='ocrx_word' id='word_1_332' title='bbox 245 4246 295 4303; x_wconf 93' lang='lat' dir='ltr'><strong>der</strong></span> <span class='ocrx_word' id='word_1_333' title='bbox 314 4248 417 4305; x_wconf 81' lang='lat' dir='ltr'><strong>Geirurt</strong></span> <span class='ocrx_word' id='word_1_334' title='bbox 431 4248 514 4334; x_wconf 60' lang='lat' dir='ltr'><strong>uach„</strong></span> <span class='ocrx_word' id='word_1_335' title='bbox 526 4249 576 4305; x_wconf 86' lang='lat' dir='ltr'><strong>der</strong></span> <span class='ocrx_word' id='word_1_336' title='bbox 589 4248 685 4321; x_wconf 73' lang='lat' dir='ltr'><strong>heiliga</strong></span> <span class='ocrx_word' id='word_1_337' title='bbox 700 4250 774 4307; x_wconf 78' lang='lat' dir='ltr'><strong>liciat</strong></span> <span class='ocrx_word' id='word_1_338' title='bbox 791 4250 858 4308; x_wconf 65' lang='lat' dir='ltr'><strong>aba</strong></span> <span class='ocrx_word' id='word_1_339' title='bbox 873 4252 934 4307; x_wconf 84' lang='lat' dir='ltr'><strong>dem</strong></span> <span class='ocrx_word' id='word_1_340' title='bbox 950 4252 1092 4325; x_wconf 79' lang='lat' dir='ltr'><strong>Ausgelreu</strong></span> <span class='ocrx_word' id='word_1_341' title='bbox 1110 4254 1189 4312; x_wconf 80' lang='lat' dir='ltr'><strong>nach.</strong></span> 
     </span>
    </p>
   </div>
   <div class='ocr_carea' id='block_1_5' title="bbox 0 0 1302 4710">
    <p class='ocr_par' dir='ltr' id='par_1_6' title="bbox 0 0 1302 4710">
     <span class='ocr_line' id='line_1_37' title="bbox 0 0 1302 4710; baseline 0 0"><span class='ocrx_word' id='word_1_342' title='bbox 0 0 1302 4710; x_wconf 95' lang='lat' dir='ltr'><strong> </strong></span> 
     </span>
    </p>
   </div>
  </div>
 </body>
</html>
