2596 4710
100 264 162 313 nv
536 232 775 303 Praelatio.

104 443 236 534 (quippe
258 440 310 529 qni
336 440 367 504 in
391 437 454 504 troc
474 432 650 505 studiorum
679 432 933 525 theologicorum
966 432 1096 528 genere
1121 436 1201 507 rudo

104 578 137 638 et
163 566 293 635 minime
317 563 478 630 exercitus
499 556 579 652 sim)
605 559 839 629 Kimmelianae
871 559 1027 649 reliquiae
1053 570 1201 631 accurate

103 701 138 763 et
168 693 238 758 sine
272 687 395 757 mendis
421 688 538 776 typicis
571 683 809 753 mandarentur.
871 683 911 752 ln
941 687 1201 775 interpretatione

102 815 238 900 Homeji
264 813 376 901 latina,
402 832 422 877 a
445 832 507 898 qua
532 809 697 877 discedere
710 809 902 877 Kimmelius
922 811 1115 901 religiosum
1140 836 1200 903 pn·

101 946 192 1009 tasse
216 936 363 1022 videtur,
397 936 455 1002 nisi
481 936 624 1024 quamvis
649 936 857 1003 mutationem
882 935 1060 1004 indicasset
1083 944 1117 1005 et
1140 959 1199 1006 en·

103 1067 260 1152 cusasset,
286 1058 431 1148 equidem
463 1080 527 1128 non
552 1080 656 1148 pauca
686 1064 810 1127 mutare
843 1065 876 1128 et
901 1058 1078 1129 emendare
1106 1083 1199 1131 anam

102 1209 194 1277 sum,
229 1205 311 1275 quae
335 1185 439 1252 minus
472 1185 554 1252 bene
585 1184 672 1252 dictu
696 1183 903 1272 videbantnr3
936 1205 1117 1275 quanquam
1140 1207 1197 1255 non

101 1313 229 1400 omnia,
262 1328 343 1399 quaa
368 1309 486 1376 latinae
518 1309 651 1399 linguae
687 1310 785 1399 genio
810 1314 1014 1401 repugnant,
1052 1311 1197 1381 emedio

101 1434 213 1503 todere
236 1433 339 1524 libuit,
364 1453 406 1501 ne
431 1435 522 1501 nimis
546 1456 567 1502 a
593 1435 705 1524 graeci
733 1439 842 1502 textus
866 1453 1014 1501 sermone
1035 1434 1197 1507 recederet

100 1561 134 1627 in
158 1556 294 1650 singulis
318 1559 423 1627 vertis
448 1559 668 1648 interpretatio
693 1558 803 1627 latina.
857 1557 950 1645 Quod
976 1557 1020 1625 ad
1045 1581 1196 1650 graecum

99 1682 323 1775 Metrophanis
347 1689 469 1752 textum
493 1686 621 1768 attinet,
648 1682 837 1752 Kimmelins
861 1685 929 1773 ipse
954 1683 1088 1775 saepius
1113 1686 1196 1753 indi·

99 1810 204 1900 eavit,
230 1829 309 1901 prae
333 1809 430 1876 nimia
454 1807 678 1897 testinatione,
711 1829 773 1899 qua
798 1808 850 1875 ille
876 1809 1061 1900 scripserit,
1087 1812 1197 1903 negti·
1226 1830 1229 1835 ·

98 1936 279 2028 gentionem
309 1933 466 2003 interdum
499 1933 598 2001 tuisse
635 1939 668 2002 et
699 1935 731 2000 in
758 1933 987 2024 orthographia
1024 1939 1059 2002 et
1098 1935 1196 2025 quoad

98 2061 325 2151 grammatices
350 2058 501 2150 regnias3
530 2061 628 2150 igitur
652 2059 684 2125 in
709 2058 759 2124 his
784 2078 911 2146 semper
928 2050 1088 2150 reposuit,
1117 2081 1194 2150 quae

98 2184 356 2274 agrammatica
386 2190 585 2274 expetuntur.
637 2181 752 2272 Neque
785 2202 849 2272 ego
882 2181 1024 2250 dubitavi
1057 2192 1194 2278 mutare,

98 2326 181 2399 quae
207 2309 264 2374 vix
284 2305 411 2375 delendi
429 2328 525 2396 posse
548 2307 745 2375 ridebantur.
798 2307 925 2375 Paneas
942 2308 1005 2375 hae
1022 2307 1062 2376 de
1082 2331 1195 2382 caussa

96 2438 192 2502 notas
216 2430 321 2520 adjeci
348 2433 471 2499 uncinis
496 2433 640 2511 inclusas¹¹
659 2437 692 2500 et
716 2432 762 2498 lit.
788 2432 844 2499 W.
870 2432 1040 2501 indicatas.
1094 2434 1196 2528 igitur

96 2578 189 2626 nemo
213 2558 356 2650 negabit,
382 2557 465 2624 hunc
489 2556 711 2647 Metrophanis
735 2554 962 2624 consessionem
987 2579 1073 2627 nnnc
1100 2562 1195 2630 multo

96 2683 344 2754 emendatiorem
369 2682 538 2774 prodiisse,
565 2684 615 2771 qui
640 2681 753 2749 leviter
778 2684 901 2749 tantum
927 2684 1010 2750 notis
1036 2690 1072 2752 et
1098 2685 1195 2754 Kim-

95 2810 239 2876 meliauis
266 2815 299 2877 et
325 2809 403 2876 meis
435 2809 584 2898 inspectis
616 2807 830 2896 intellexerit,
864 2827 927 2874 non
959 2830 1067 2897 pauca
1104 2814 1196 2880 aliter

95 2930 135 2998 ab
159 2931 302 3018 Hornejo
328 2952 484 3022 expressa
508 2953 593 3022 esse,
619 2936 714 3021 atque
738 2933 771 2999 in
796 2933 999 3022 autographo
1023 2935 1196 3026 leguntnr5

93 3054 245 3146 pleraque
271 3075 367 3145 vero,
404 3060 541 3145 quaein
567 3057 767 3148 autographo
800 3058 868 3147 ipso
896 3077 938 3123 ex
964 3059 1092 3129 incuria
1118 3063 1196 3130 laisa

94 3180 258 3271 leguntur,
284 3178 324 3246 nb
348 3179 492 3267 Hornejo
516 3202 580 3249 non
606 3188 751 3250 correcta
777 3203 861 3250 esse.

170 3305 304 3374 Praeter
324 3303 547 3396 Metrophanis
573 3303 817 3376 Confessionem
850 3305 935 3376 aliud
970 3313 1198 3403 apographum

92 3433 124 3498 in
150 3431 307 3499 Kimmelii
333 3431 459 3499 schedis
484 3433 610 3522 reperi,
645 3433 727 3522 quod
750 3433 956 3522 Dionysii
983 3434 1198 3507 Patriarelrae

92 3553 434 3646 Constantinopolitani
459 3563 492 3625 et
517 3560 734 3648 cpiscoporum
763 3581 832 3625 cnm
859 3579 899 3626 co
916 3555 1198 3654 Constantinopoli

91 3703 122 3750 a.
140 3682 238 3752 16⁷2
246 3676 292 3774 ἢ
320 3689 589 3774 congregatorum
605 3682 886 3773 Responsionem
902 3685 945 3750 de
963 3684 1197 3757 &ululatatu-

91 3828 173 3875 rum
198 3806 386 3876 erroribus
412 3830 457 3875 cc
477 3807 572 3875 recti
596 3806 763 3897 inprimis
791 3808 1005 3898 praeseutia
1040 3818 1197 3882 eontinet.

90 3930 196 4017 Hujus
241 3954 362 4022 quoque
395 3936 586 4000 mentionem
619 3938 689 4019 jum
722 3936 752 3999 in
794 3934 1034 4024 prolegomenis
1076 3938 1198 4006 iecerat

92 4078 300 4091 ....—-.......

158 4167 187 4233 ⁸)
207 4166 418 4238 Eudemum,
437 4189 490 4239 quo
509 4171 637 4240 Synodus
656 4170 900 4243 Hierosolymituuu
917 4173 1012 4228 imbitu
1031 4189 1096 4243 est,
1126 4177 1195 4248 eujus

89 4260 197 4315 decreto
217 4260 290 4331 prior
309 4270 396 4317 tomus
415 4263 540 4318 lilrrormu
556 4264 760 4332 syrrrlullcorunr
773 4284 805 4319 a.
821 4267 886 4318 issa
906 4267 991 4317 editus
1012 4274 1147 4325 contine-t.
1194 4266 1197 4273 ¹
