2596 4710
488 326 809 420 Prolcgomcna.
1145 356 1194 403 xv

102 532 159 577 nne
179 514 313 575 seritete
332 524 354 573 n
374 508 536 571 Gennadlo
565 511 704 589 prolatis.
747 512 794 572 ilc
815 514 914 591 primo
938 513 1008 601 loco
1030 518 1118 591 ponit
1138 536 1194 577 oa-

98 626 210 685 ticinin
230 642 266 703 p.
284 620 356 697 21„
387 640 477 697 quam
499 624 571 681 item
593 622 742 684 Jurtincs
762 622 854 701 Apol.
873 622 900 684 1.
923 621 974 685 30.
995 637 1124 707 portame
1148 638 1196 695 wi

98 738 297 815 annotatam
322 736 464 811 ἀπόδειξιν
486 752 553 792 esse
583 734 712 792 censuit.
756 734 944 795 Vaticinatos
967 754 1036 797 esse
1060 738 1195 815 prophe-

96 852 156 909 tas,
180 862 386 920 quaecunque
406 842 538 904 iecerint
560 847 592 903 et
608 842 748 902 Christus
772 847 803 905 et
826 845 967 922 apostoli,
990 864 1082 922 quern
1101 866 1194 909 accu-

96 962 200 1015 ratum
230 954 443 1015 vaticiniorum
475 956 507 1014 iu
535 954 656 1013 christo
694 958 835 1014 eventum
873 958 1000 1017 miratus
1033 958 1099 1036 jam
1137 958 1196 1019 init

98 1070 189 1145 θήῃ.
212 1065 252 1125 de
275 1066 372 1141 princ.
385 1064 426 1125 il.
448 1064 468 1125 2
486 1083 553 1141 sqq.
577 1065 605 1122 in
624 1064 735 1123 Joann.
759 1067 987 1143 rom.11.28.;
1007 1086 1082 1128 sera
1104 1070 1195 1131 etiam

99 1178 229 1265 oracula
251 1178 441 1236 Graecorum
463 1183 633 1257 συγχωρήσει
660 1188 732 1242 Θεοῦ
756 1176 793 1237 de
815 1178 938 1237 Christo
969 1178 1052 1238 iacta
1082 1180 1193 1253 luisse3

99 1288 130 1347 id
152 1288 238 1364 quod
262 1306 321 1345 non
346 1286 475 1344 multum
505 1287 592 1345 abest
615 1305 633 1345 a
655 1290 806 1347 sententia
836 1288 897 1349 late
919 1292 1105 1368 pervagata,
1138 1308 1195 1373 anf
1222 1354 1227 1361 ,

100 1400 252 1477 tiquitatis
283 1398 466 1458 doctissimis
502 1399 533 1454 et
564 1398 689 1456 summis
717 1397 890 1458 hominibus
925 1399 1052 1459 infuisse
1086 1408 1205 1481 σπέρμα,

101 1508 259 1586 quoddam
281 1506 432 1580 divinum,
465 1525 526 1582 quo
551 1506 591 1566 ad
613 1526 717 1567 rerum
742 1508 948 1588 indagandum
970 1512 1002 1570 et
1022 1510 1195 1572 Christiana

103 1618 254 1695 quaedam
275 1616 456 1705 invenienda
478 1617 532 1675 lati
549 1588 652 1677 essonl
675 1626 756 1697 (μετὰ
773 1624 912 1698 εὐφημίας
924 1630 979 1685 τοῦ
994 1624 1089 1699 Ἰησοῦ
1112 1622 1195 1699 apud

105 1728 246 1789 Gennad.
262 1730 320 1787 art.
331 1726 406 1803 11.).
429 1728 622 1787 Astronomis
638 1729 729 1787 etiarn
746 1731 776 1787 et
787 1728 953 1788 Persarum
963 1724 997 1808 ¹)
1014 1733 1045 1789 et
1057 1730 1194 1792 Graeco-

105 1857 170 1899 rum
192 1840 232 1898 ab
256 1838 365 1898 eodem
397 1838 476 1897 hono
506 1839 600 1899 tribui
623 1838 761 1911 laudem,
792 1836 875 1913 quod
903 1837 1008 1897 lutura
1036 1840 1195 1916 praevide·

103 1952 174 2025 rint,
195 1950 394 2027 permittente
416 1948 534 2008 scilicet
556 1948 632 2024 deo,
663 1952 694 2008 ot
715 1948 802 2024 quasi
832 1949 950 2009 eminus
973 1938 1195 2019 0111111111ιῶ-

103 2064 237 2135 tuentee,
263 2077 327 2119 non
348 2060 525 2132 mirabitur,
547 2060 617 2135 qul,
640 2062 829 2136 quantopere
851 2057 1075 2141 astrologorum
1098 2066 1194 2123 artem

104 2176 222 2231 uetares
246 2168 287 2231 ad
307 2171 413 2230 lutura
440 2170 733 2248 praecognoscentia
761 2169 864 2230 valore
887 2171 1003 2246 opinati
1033 2172 1113 2246 sint,
1145 2192 1195 2233 se-

105 2298 174 2343 am
197 2282 351 2358 reputas-lt
364 2280 407 2357 ¹).
449 2280 589 2340 Alterum
614 2299 671 2357 pro
694 2281 860 2339 christiana
882 2281 1008 2340 veritate
1033 2284 1122 2359 potiit
1144 2302 1194 2343 ar-

107 2396 282 2473 gumentum
305 2412 341 2451 ex
363 2410 424 2471 scr.
446 2408 525 2452 sacr.
549 2391 772 2467 perfectissima
801 2392 1020 2465 consensione,
1054 2397 1087 2453 et
1115 2393 1194 2454 hanc

107 2522 139 2561 ex
159 2502 228 2579 ejus
251 2505 397 2575 auctore,
426 2519 505 2577 quae
525 2500 618 2559 luerit
638 2502 737 2580 gratia
758 2501 859 2560 divina
880 2501 954 2574 (art.
970 2498 1063 2579 KR).
1110 2505 1195 2581 Quae

108 2614 231 2672 cuilibet
253 2614 284 2670 iu
306 2616 443 2671 veterum
473 2610 605 2670 lectione
626 2614 747 2670 versato
778 2610 809 2669 id
840 2613 870 2670 in
902 2614 1078 2672 memoriam
1106 2632 1196 2675 revo-

108 2729 188 2797 cant,
211 2722 294 2799 quod
316 2721 640 2799 estopudlren.1l'.
665 2719 684 2779 9
704 2739 770 2797 sqq.
805 2722 843 2781 15
863 2742 909 2798 sq.
931 2720 982 2781 32.
1006 2721 1075 2799 (cil.
1099 2724 1195 2785 Clam.

108 2834 190 2892 Alex.
211 2832 348 2912 Paedag.
364 2833 412 2891 lii
445 2828 612 2911 12.);hoc
634 2832 753 2890 tantum
777 2832 951 2892 discrimine
967 2834 1057 2892 'inter
1076 2838 1195 2896 utrum-

110 2962 162 3019 que
186 2942 416 3016 intercedente,
445 2940 602 3018 quoditie
625 2959 809 3001 consensum
841 2961 876 3001 ex
897 2944 1115 3019 inspiratione,
1146 2946 1195 3006 iiic

110 3055 334 3131 inspirationem
357 3074 393 3113 ex
416 3072 569 3113 consensu
591 3054 724 3129 repetiit.
770 3054 874 3112 Tertio
897 3058 1078 3133 argumento
1101 3075 1136 3116 ex
1158 3074 1195 3117 eo

112 3162 262 3237 desumto,
297 3162 380 3239 quod
411 3162 499 3221 multi
528 3165 560 3222 et
588 3163 802 3239 sapientissimi
832 3163 954 3239 quidem
990 3165 1127 3228 homines
1156 3170 1196 3228 ad

111 3272 182 3333 hanc
204 3275 297 3334 iidem
321 3276 518 3347 accesserint,
541 3274 612 3348 apte
636 3272 771 3331 adnectit
793 3276 945 3349 quartum,
974 3276 1056 3351 quod
1078 3282 1196 3339 morale

113 3382 246 3457 dixerim,
269 3386 498 3462 perantiquum,
529 3403 564 3442 ex
586 3382 766 3462 Apologetis
798 3385 966 3447 aJusrino
980 3386 1013 3462 ³)
1039 3388 1105 3465 jam
1134 3390 1196 3449 ire-

112 3498 302 3568 quentatum:
332 3493 480 3575 religione
513 3493 681 3553 christiana
710 3495 861 3554 contineri
893 3503 989 3562 πάντα
1015 3506 1196 3580 πνευματικὰ,

114 3604 197 3677 nihil,
218 3604 303 3681 quod
324 3605 405 3664 lianc
428 3607 547 3663 tantum
570 3604 662 3663 ritum
685 3607 823 3680 spectet,
848 3605 904 3666 sed
925 3607 1076 3668 instillare
1097 3608 1197 3671 homi·

116 3714 193 3773 uilius
213 3734 349 3775 amorem
373 3717 421 3776 doi
446 3718 477 3774 et
498 3715 619 3775 futurae
643 3715 772 3792 ejusque
796 3721 938 3777 aeternae
953 3718 1052 3791 ritoe3
1076 3723 1195 3799 eripere

58 3852 68 3929 p
119 3836 164 3879 eos
180 3824 269 3901 hujus
292 3831 325 3886 et
347 3825 570 3887 calamitatibus
599 3830 632 3885 et
653 3826 786 3885 iortunis
813 3826 1027 3903 collocnreque
1047 3831 1078 3889 in
1101 3834 1196 3892 subii·
1258 3890 1263 3899 .

58 3942 60 3997 Ι

179 4076 203 4141 1)
216 4074 312 4131 lustin.
332 4074 443 4131 cotom
470 4093 495 4131 o.
509 4073 569 4132 xt-
590 4074 693 4133 Euaeb.
712 4076 810 4146 Pmep.
828 4075 933 4149 Evaug.
950 4077 997 4135 tx.
1017 4090 1055 4140 111

176 4160 391 4235 Μαιαηιφανΐ.
412 4160 491 4216 Crass.
509 4160 608 4233 Dogm.
626 4162 693 4219 illst.
709 4162 741 4217 ll.
764 4166 824 4219 869.
845 4172 902 4219 not.

176 4248 203 4312 3)
219 4246 288 4301 Diei.
306 4265 329 4302 c.
348 4246 449 4317 'l'rypln
466 4264 489 4301 c.
508 4256 563 4305 110.
600 4249 680 4321 Apol.
696 4248 716 4301 i.
735 4266 758 4303 c.
779 4252 810 4305 15
825 4265 883 4319 sqq.
