2596 4710
91 254 151 303 arr
407 245 411 255 ·
476 228 810 322 Proiegouene.

97 415 262 495 plicatione
284 411 323 474 rie
354 416 439 474 enirn
469 416 639 493 inopinum
662 413 856 477 edoceamur.
899 412 992 473 Liber
1013 412 1074 475 irae
1095 414 1199 479 torna
1234 433 1236 443 ·

99 529 278 601 instructus,
300 525 341 585 acl
361 524 518 604 vulgarem
543 530 574 585 ei
592 526 773 602 popularem
790 542 913 584 sensum
933 522 1196 598 accommodatus,

100 637 253 699 doctiores
276 639 379 697 umen
407 636 620 711 inquisitiones
649 654 711 701 nou
735 637 836 697 omisit
857 635 1053 711 lectoresque
1078 636 1119 699 asi
1141 638 1195 696 ob-

98 748 253 820 scuriores
275 749 307 813 at
328 747 533 807 abstrusiores
554 747 751 823 quaestiones
775 746 915 818 deduxit,
945 746 1041 805 vetuti
1070 746 1110 806 (ie
1142 749 1197 805 tri·

99 860 194 931 nitate
201 899 214 933 ,
245 854 283 916 (ie
313 858 368 935 Sp.
400 858 499 927 sancti
530 858 747 933 processione,
779 855 817 922 de
847 857 1027 934 purgatorio
1057 860 1090 916 et
1118 856 1193 918 aliia.

97 968 199 1043 Lubet
220 968 296 1041 iere,
323 987 392 1027 eum
412 967 601 1035 contendere
622 985 692 1041 cunr
715 966 909 1025 Catectrisnno
929 964 1083 1039 Romano,
1106 966 1195 1042 cujus

96 1098 176 1151 sene
198 1080 339 1151 auctores
361 1078 458 1157 magis
488 1081 520 1138 et
549 1079 685 1147 curatius
719 1081 880 1154 pastorum
907 1074 1013 1138 oliioia
1042 1096 1193 1154 exponere

100 1207 268 1267 eorumque
297 1187 370 1248 fidei
398 1205 580 1259 suoqurrere
608 1187 783 1257 noluerunt.
827 1187 931 1246 Habet
951 1191 1082 1264 uterque
1105 1189 1193 1249 etiam

101 1299 328 1373 incommune,
355 1298 438 1375 quod
462 1316 573 1377 niagno
596 1316 665 1359 cum
688 1297 790 1364 studio
812 1316 936 1373 eorum,
959 1317 1039 1373 quae
1061 1303 1193 1359 tracias·

101 1412 172 1484 tus,
192 1409 391 1471 fundamenta
413 1428 430 1468 e
453 1410 558 1485 script,
581 1426 660 1468 sacr.
684 1410 781 1484 petiis
807 1407 990 1475 adversariis
1011 1407 1119 1473 studet
1140 1429 1192 1487 op-

101 1538 236 1597 ponere,
276 1518 386 1593 ‹ieiade
415 1537 488 1582 vero
519 1521 656 1589 veterum
694 1521 815 1594 patrum
849 1520 1064 1585 auctoritatem
1095 1521 1191 1600 magii

103 1632 268 1703 aestimans
298 1630 352 1691 ilia
380 1630 446 1704 lere
475 1633 632 1705 exaequet.
675 1627 738 1688 it'ec
767 1629 908 1701 volamus
939 1630 1080 1707 diffiteri,
1114 1635 1193 1695 cate·

102 1741 209 1802 chismi
232 1741 398 1801 Orientaiis
427 1744 569 1812 auctores
599 1739 639 1799 ad
669 1741 799 1816 optimos
825 1760 939 1817 eosque
963 1742 1191 1818 probatissimos

102 1868 287 1929 provocasse
311 1855 433 1928 patres,
457 1853 493 1911 iis
523 1852 663 1920 nimirum
685 1853 837 1927 exceptis,
873 1853 905 1910 iu
928 1870 1005 1927 quos
1028 1854 1192 1929 antiquitus

106 1961 211 2038 aliqua
232 1961 396 2036 haereseos
423 1959 546 2032 iniamin
578 1960 725 2037 adspersa
754 1964 828 2038 init,
858 1963 951 2027 ueluti
982 1964 1012 2021 iu
1036 1963 1195 2043 Origeuen

106 2070 237 2148 ejusque
258 2089 369 2146 pares,
392 2074 446 2144 put
468 2088 546 2146 quos
568 2090 624 2147 por
646 2071 774 2131 mediam
797 2076 928 2139 aetatem
948 2073 1065 2148 injusta
1085 2075 1199 2151 pressit

104 2170 233 2255 oblivio,
255 2180 347 2250 veluti
369 2168 532 2241 Justinum‘
549 2183 609 2255 ni,
631 2182 843 2258 Hippolytum,
870 2183 1029 2243 Eusebios.
1074 2183 1202 2244 Collau-

104 2290 179 2353 daut
199 2290 379 2364 Dionysium
399 2292 632 2371 Areopagitam,
657 2293 841 2373 Gregorius,
864 2292 1005 2369 cyrillae,
1038 2293 1203 2367 Basiliam,

82 2400 306 2473 *Athanasium
328 2405 360 2461 et
382 2402 512 2475 concilio
535 2423 581 2477 ea,
605 2422 683 2478 quae
707 2404 818 2474 Graeci
842 2408 1041 2482 acceperunt.

190 2807 249 2867 Ilio
271 2814 428 2891 tempore,
451 2829 512 2888 quo
535 2815 566 2872 et
588 2812 780 2873 Luthoranae
803 2816 834 2872 et
857 2811 1025 2873 catholicae
1048 2811 1203 2885 ecelesiae

106 2916 205 2983 adhuc
231 2938 302 2996 spes
327 2922 401 2995 luit,
433 2922 516 2996 iore,
546 2927 582 2982 ut
604 2923 643 2981 nd
669 2922 850 2982 alterutrum
881 2926 1002 2982 coetum
1025 2924 1203 2985 Orienteias

105 3033 234 3117 possent
257 3030 346 3120 duci3
369 3033 558 3108 exstiterunt,
582 3034 634 3119 qui
656 3033 735 3092 hanc
757 3032 982 3093 contessionem
1004 3037 1058 3093 aut
1074 3040 1201 3097 nostrae

106 3141 160 3203 aut
181 3140 339 3211 Romanae
370 3141 439 3206 fidoi
470 3142 572 3216 lavore
606 3142 753 3213 audacter
785 3142 974 3213 affirmarent
1002 3145 1050 3204 vel
1081 3149 1200 3207 temere

106 3249 337 3322 arbitrarentur.
379 3254 478 3325 Multa
500 3254 559 3312 hoc
581 3252 683 3318 libello
708 3255 867 3329 contineri,
891 3273 969 3331 quae
991 3257 1105 3315 nostris
1121 3242 1222 3337 ring·¹

106 3361 195 3432 anatis
218 3365 271 3422 aut
293 3369 465 3444 congruant
486 3368 540 3435 aui
561 3365 681 3440 possint
704 3384 772 3435 oum
795 3365 831 3422 iis
855 3365 1010 3440 conferri,
1040 3365 1200 3439 educavit

107 3471 267 3549 aliquoties
289 3475 509 3548 Fenerie'nins,
530 3476 623 3546 theol,
647 3476 800 3554 quondam
824 3472 1051 3554 Gottingensis,
1079 3476 1112 3536 iu
1136 3476 1201 3537 dis·

107 3588 179 3644 sert.
209 3586 249 3646 cle
280 3589 431 3664 relipione
459 3585 676 3647 liuthariorum
708 3589 859 3647 hodierna
891 3584 981 3646 1745.
1031 3585 1140 3664 Neque
1168 3583 1202 3647 ii

106 3689 184 3754 saiso
213 3697 334 3765 ridetur
366 3695 481 3764 elicium
511 3715 588 3758 esse.
632 3697 685 3757 sio
718 3699 798 3758 enirn
830 3698 903 3756 mihi
934 3700 982 3761 est
1003 3674 1202 3775 persuasura,

109 3951 137 3997 ur
153 3959 218 3998 vero
227 3943 414 4020 llieronyrnus,
431 3947 605 4018 antiquiores
621 3955 657 4010 et,
675 3945 789 4009 Philone
809 3958 835 4002 et
851 3945 974 4018 Josopho
992 3946 1115 4013 testibus,
1134 3948 1204 4004 inter

107 4025 228 4091 ,iudaeos
245 4034 407 4095 usitatiorem
433 4035 561 4099 rationem
579 4042 695 4096 serratas
716 4041 790 4096 erat,
817 4048 886 4100 quae
911 4032 936 4084 in
962 4032 1076 4088 ecclesia
1095 4033 1203 4087 Graeca

109 4113 234 4171 mutiano
250 4123 402 4188 permansit.
438 4119 493 4174 Cir.
511 4118 643 4173 Desertae
660 4125 734 4170 tract
751 4117 778 4180 in
798 4134 851 4187 quo
869 4117 1059 4186 Augustiniaun
1077 4115 1202 4187 decalogi

107 4198 204 4263 divisio
222 4201 349 4266 stabilitor
365 4215 394 4265 ot
413 4206 560 4260 vindicetur
577 4220 603 4274 p.
622 4201 647 4254 7.
663 4217 722 4271 sqq.
