2596 4710
505 509 825 602 Prolegomeue.
1124 536 1224 588 mvn

133 694 219 756 1635.
240 693 282 754 ad
304 690 456 756 Aureliam
477 696 650 756 Ouerestis-a
672 693 745 755 data
772 694 859 774 luget
878 695 962 774 regis
982 693 1220 775 gloriosissimae

129 808 290 867 memoriae
320 810 460 867 mortem.
502 805 636 865 Enarrat
663 807 707 866 lbi
737 788 811 883 post
838 803 945 882 aliquo
971 805 1004 864 in
1037 806 1220 869 cancellarii

124 918 228 977 laudes
251 917 337 977 dicte
359 916 443 975 litem
472 917 554 977 inter
574 910 728 977 Graecos'
741 920 775 977 et
794 914 937 977 dominos
956 915 1112 992 Papisius
1132 936 1220 979 exor-

123 1035 179 1088 tam
208 1032 244 1089 et
271 1030 305 1087 in
335 1026 408 1087 aula
428 1026 644 1086 ottomanuica
673 1028 820 1107 agilstom
848 1024 889 1089 de
908 1028 1071 1104 praesepi,
1104 1027 1219 1105 inquo

120 1147 209 1199 natus
233 1136 458 1215 sitdominus,
490 1154 593 1216 aquo
622 1136 774 1196 visitando
795 1135 948 1197 Catholici
971 1138 1109 1198 Graecos
1130 1157 1219 1216 pror-

121 1270 170 1310 sus
194 1249 365 1310 excludere
387 1248 492 1309 relisit.
535 1248 574 1307 In
596 1264 658 1322 qus
680 1246 804 1323 quidem
826 1266 938 1309 caussa
955 1247 1079 1325 Judices
1101 1248 1220 1311 Turen-

119 1380 197 1433 rum,
219 1360 288 1438 jam
310 1363 442 1436 accepta
463 1379 482 1418 a
497 1357 656 1418 catholicis
679 1356 736 1433 (ad
758 1358 876 1419 calcem
898 1362 1022 1420 1101111111
1042 1360 1218 1420 nominatim

119 1477 164 1533 est
193 1472 320 1551 legatus
343 1469 482 1529 Gallicus
504 1468 614 1528 Comes
645 1467 685 1528 de
706 1465 938 1547 allorclteoe‘lle)
969 1470 1123 1546 pecunia,
1155 1473 1218 1549 pri-

120 1602 202 1643 mum
224 1581 269 1641 ed
291 1581 489 1657 Papistarum
521 1580 625 1655 partes
655 1577 866 1655 inclinarunt3
898 1581 971 1655 post
988 1598 1070 1640 ¹vero
1091 1584 1221 1643 remima

121 1695 289 1755 excessivo
320 1692 494 1770 quantitate
519 1690 675 1764 pecuniae
703 1688 832 1749 meliora
862 1687 1008 1764 Graecis,
1036 1709 1103 1752 rena
1131 1711 1219 1754 susm

123 1810 247 1864 strenue
271 1800 466 1876 dicentibus,
488 1802 564 1859 sunt
582 1799 730 1878 polliciti,
753 1797 836 1858 unde
858 1798 963 1875 speret
981 1800 1131 1877 cyrillus,
1158 1825 1219 1880 pro

125 1917 188 1975 esis
204 1912 353 1991 futurum
373 1913 570 1971 sententiam.
611 1910 656 1970 Ut
678 1911 772 1989 igitur
789 1909 927 1968 Graecos
948 1911 1029 1970 inter
1050 1916 1082 1971 et
1102 1913 1217 1973 Boma-

127 2043 176 2084 nos
198 2023 361 2084 contentio
391 2038 548 2097 uunquam
574 2022 749 2098 interrupta
770 2022 838 2093 est3
871 2021 917 2079 sio
938 2018 1072 2095 Cyrillns
1092 2023 1218 2083 naxium

127 2138 156 2193 ut
176 2135 277 2194 aritae
308 2131 466 2212 religionis
495 2131 636 2192 desertor
666 2150 686 2191 s
713 2129 863 2193 Romanis
892 2131 1097 2211 potissimum,
1122 2134 1218 2195 iuter-

127 2243 193 2303 dum
213 2241 307 2303 simul
330 2262 351 2302 a
371 2243 447 2317 suis,
468 2243 627 2303 incusatus
657 2260 780 2319 semper
802 2243 860 2302 est.
904 2241 991 2317 Quae
1014 2240 1139 2319 quidem
1156 2264 1215 2305 co·
1264 2290 1276 2317 ,

129 2359 194 2415 uate
213 2356 302 2414 initio
325 2372 388 2413 nou
409 2353 579 2431 procudere
607 2352 790 2413 videbantur
820 2352 860 2411 ob
882 2351 989 2428 cyrilli
1011 2330 1217 2435 integritatem

131 2469 155 2525 et
183 2465 269 2543 apud
290 2465 469 2537 Valerium,
500 2483 562 2540 qua
590 2466 665 2523 tuuc
695 2463 851 2540 pollebat,
882 2464 1106 2526 auctoritatem.
1145 2467 1218 2529 Jam

80 2550 83 2635 s
131 2593 193 2635 sero
213 2596 251 2637 ex
274 2592 403 2635 numero
425 2592 551 2648 eorum,
573 2593 651 2650 quos
671 2574 800 2635 Lucanis
824 2572 980 2633 beneficiis
1002 2578 1146 2650 auxerat,
1167 2594 1219 2639 ex-

81 2762 84 2767 ,
131 2689 198 2746 stitit
217 2686 412 2746 immoderati
442 2686 534 2744 aniani
564 2687 611 2745 uir
649 2687 815 2745 acerrimus
845 2683 1057 2761 adversarius,
1088 2705 1124 2747 eu
1155 2705 1217 2764 quo

81 2780 85 2881 ζ
131 2797 236 2858 lrustrs
269 2796 353 2875 apud
385 2794 678 2856 Thessalonicenses
711 2796 876 2873 episcopus
909 2793 976 2855 lieri
1005 2796 1119 2871 uoluit,
1148 2797 1218 2859 dico

81 2886 84 2947 Ῑ
131 2908 269 2986 (pullum
291 2908 519 2981 camarensem,
549 2925 639 2983 quem
661 2906 725 2965 Leo
747 2906 880 2967 Allatius
901 2905 923 2966 l·
945 2905 965 2966 l.
989 2904 1216 2982 [110711111-

131 3018 180 3092 plis
201 3019 305 3078 serbis
327 3035 390 3077 nou
412 3019 487 3077 selis
510 3018 610 3093 potuit
633 3015 829 3090 collaudare,
855 3034 1038 3093 quamquam
1061 3035 1140 3093 quae
1163 3019 1218 3078 ad-

131 3128 195 3190 didit
216 3131 257 3189 de
280 3129 350 3205 ejus
372 3128 622 3206 implacabilitate
644 3127 922 3202 intemperantiqne
943 3126 1045 3201 studio
1070 3129 1218 3204 perfacile

80 3310 82 3325 Ι
130 3236 249 3318 locent,
282 3258 376 3316 quam
398 3239 597 3298 immoderate
630 3236 682 3295 ille
712 3236 820 3297 laudes
843 3256 918 3297 suaa
940 3237 1083 3299 factionis
1103 3239 1218 3301 homini

130 3351 320 3429 adsperserit.
363 3350 425 3410 llic
458 3351 552 3428 igitur
581 3347 713 3424 Cyrillus
746 3348 957 3422 donimanus,
987 3348 1163 3412 Berrhoeae
1182 3350 1217 3431 ¹)

129 3460 330 3539 Heliopolita,
354 3479 448 3536 quum
471 3462 621 3537 pecuniis,
645 3461 756 3536 quibus
775 3459 880 3519 sedem
894 3459 1093 3522 Patriarchao
1116 3482 1218 3523 emere

130 3590 156 3633 se
175 3592 270 3651 posse
293 3570 476 3644 confideret,
500 3590 627 3649 prorsus
649 3575 779 3644 careret,
802 3572 891 3647 petiit
913 3570 1069 3649 aLucari,
1091 3577 1127 3636 ut
1148 3575 1217 3652 ipsi,

128 3680 307 3744 Hoscoviam
328 3683 525 3761 profecturo,
548 3682 653 3741 literas
676 3680 938 3741 commendatitias
963 3680 1060 3758 duret,
1087 3702 1218 3760 quarum

130 3810 178 3871 cpe
201 3796 286 3855 dona
317 3792 357 3853 ad
388 3812 476 3852 suam
504 3792 666 3852 ecclesiam
695 3810 862 3868 pauperem
884 3792 1144 3854 exaedificandam
1164 3812 1218 3855 sc-

133 3911 280 3982 tepturnm
303 3924 338 3965 se
361 3922 430 3963 esse
452 3903 613 3963 simulavit.
660 3902 700 3961 Et
721 3905 766 3962 sic
788 3901 872 3962 dives
894 3902 994 3961 iactus
1019 3901 1111 3964 1633.
1135 3904 1217 3966 Con-

80 4026 82 4041 *
135 4016 341 4095 stsstinopoliu
372 4014 482 4095 rediit,
513 4014 573 4074 hoc
603 4013 751 4088 consilio,
781 4015 834 4088 ul,
866 4013 1020 4089 corruptis
1044 4012 1216 4076 ll'urcsrunr

134 4128 368 4205 ursimannus,
398 4124 563 4186 Luceriam
594 4124 634 4185 ds
669 4123 740 4187 loco
777 4125 922 4185 moueret.
974 4123 1065 4203 Quod
1093 4128 1217 4203 quidem

137 4272 355 4293 *nn——

190 4391 220 4460 1)
238 4389 359 4447 Panisci
373 4390 408 4447 ad
423 4388 518 4447 Onon.
535 4390 711 4447 Pstdareltas
727 4386 951 4462 inmemorem
969 4387 1068 4449 Saul
1085 4392 1124 4449 ele
1136 4400 1215 4449 statu

139 4480 179 4528 att.
193 4492 219 4546 p.
236 4480 280 4535 ⁸2
