2596 4710
420 287 745 381 Protogenena.
1075 318 1138 365 xm

12 476 165 539 ‘interior
185 478 220 537 et
239 470 351 553 butue,
368 474 416 535 ent
451 468 548 553 ipeiue
571 475 778 551 concedente,
807 476 896 551 quaet
925 478 1056 539 exterior
1085 480 1135 543 dei

39 594 159 666 natura,
180 604 257 647 auae
281 584 377 647 babet
407 587 512 663 partae
532 585 553 645 i.
569 605 598 645 e.
621 590 653 647 et
674 584 751 647 dene
773 588 806 649 et
825 584 917 647 uliae.
961 586 1029 648 Hae
1057 608 1133 654 aare

37 701 168 773 ratione,
192 714 286 775 quam
307 694 505 776 eagaciaeime
526 696 729 776 excogitatam
745 714 815 759 eeee
830 696 1055 779 cognoscimus,
1076 720 1134 779 po-

38 813 96 871 tuit
116 807 302 871 Gennadius
317 804 472 867 Graecum
484 822 565 875 ,cnm
580 804 693 867 Latino
714 804 857 889 dogmate
879 809 923 869 ita
943 812 1134 889 connectere,

39 924 73 981 ut
92 923 248 997 utraeque
275 916 427 977 iactiouee
455 917 548 977 inea
575 918 816 995 acquiescerent.
859 917 1031 981 dionetrnm
1054 924 1160 989 enim,

38 1032 97 1091 hoc
119 1031 212 1109 quani
232 1028 368 1089 carmine
389 1024 533 1101 dimovit,
564 1024 647 1104 qnod
670 1026 782 1087 Graeci
802 1025 898 1087 veluti
916 1026 1032 1091 larvam
1053 1052 1136 1095 eem-

39 1161 95 1219 per
117 1142 341 1213 extimuerunt,
370 1137 440 1197 dico
462 1136 658 1211 seutentiam,
679 1137 914 1199 abominabilem
935 1138 1080 1216 ductam,
1102 1146 1133 1203 in

41 1254 143 1313 divino
168 1251 293 1311 numine
317 1266 385 1309 eaae
416 1247 478 1307 duo
500 1246 661 1324 principia.
703 1246 851 1309 Romania
873 1266 946 1310 vero
975 1252 1135 1329 satisfecit,

43 1362 125 1441 quod
149 1382 188 1423 ex
216 1377 280 1421 uno
310 1358 463 1437 principio
493 1355 595 1415 divino
624 1357 726 1433 posito
758 1356 888 1435 produci
919 1363 1038 1423 cenauit
1066 1366 1136 1441 tria,

43 1492 175 1553 querum
195 1471 324 1533 tertium
345 1488 382 1531 ex
401 1466 508 1546 primia
534 1466 673 1541 dnobue,
704 1485 784 1543 quae
813 1469 944 1531 viciaeim
972 1473 1005 1533 in
1027 1490 1062 1535 ee
1083 1492 1137 1538 ra·

44 1585 146 1657 leant,
169 1600 239 1643 enee
261 1584 355 1657 atque
377 1579 451 1639 oriri
473 1576 579 1638 voiult.
1030 1658 1034 1665 ἢ

126 1692 298 1755 adnotavit
316 1691 513 1755 Peaeeuioae
541 1687 574 1747 in
595 1687 756 1765 appamia
786 1706 875 1749 eacro
906 1688 946 1751 ad
970 1694 1137 1771 scriptores

50 1808 84 1867 V.
103 1808 135 1867 et
153 1803 190 1865 li.
214 1804 365 1875 renem,
386 1801 440 1879 qui
460 1798 541 1861 liber
561 1795 722 1857 clariaeimi
742 1796 882 1859 Jeeuitae
903 1801 1018 1877 prodiit
1038 1805 1138 1867 Vene-

51 1918 107 1977 tiae
127 1919 161 1975 et
180 1912 291 1975 Gelon.
318 1909 399 1973 160³
421 1912 455 1973 et
477 1904 578 1982 1708,
611 1910 782 1969 memoratu
811 1907 936 1991 dignum
961 1930 1029 1975 enee
1051 1914 1140 2001 illud,

53 2025 130 2103 quod
150 2022 333 2087 Gennadius
365 2038 473 2081 aacme
501 2018 647 2081 trinitati·
675 2034 826 2097 perronae
855 2019 963 2082 dixerit
991 2026 1141 2089 nitiomate

55 2156 105 2199 een
120 2136 346 2215 proprietates.
391 2130 481 2209 Quod
505 2146 600 2207 quum
611 2126 828 2209 Lugdunenaie
847 2130 921 2193 bibi.
944 2140 1024 2211 patr.
1047 2138 1141 2197 mari·

57 2266 116 2309 ιοο
137 2245 273 2308 editores
294 2242 392 2321 priori
412 2240 600 2303 contentioni
620 2237 846 2319 praefigerent,
881 2244 971 2319 quaei
999 2244 1040 2305 ad
1060 2246 1142 2307 hanc
1203 2219 1210 2230 ’

58 2358 208 2419 Pomeeini
224 2354 378 2433 judicium
399 2353 575 2431 spectaret3
594 2348 791 2410 vehementer
816 2346 886 2413 talei
902 2358 985 2413 aunt.
1026 2355 1064 2415 In
1082 2356 1145 2419 hae

63 2471 130 2529 enim
152 2487 185 2546 p.
204 2467 236 2527 2.
261 2464 293 2525 4.
315 2468 348 2525 et
369 2464 493 2542 eaepiua
520 2478 729 2541 personarum
751 2461 782 2519 in
804 2463 940 2523 trinitate
961 2469 1076 2528 mentio
1096 2466 1143 2531 fit.

64 2580 179 2655 Spectat
199 2578 304 2656 potiua
327 2572 367 2633 ad
389 2574 518 2635 atteram
540 2570 692 2645 contere,
725 2572 757 2630 tu
786 2570 876 2651 cujua
898 2577 989 2637 tertio
1012 2578 1145 2641 articulo

10 2686 12 2691 ’
65 2690 90 2747 in
108 2688 164 2749 deo
185 2690 311 2767 praeter
333 2683 409 2745 abiae
428 2683 557 2743 matutae
580 2680 620 2741 ad
641 2680 788 2741 hnmanae
809 2685 937 2761 propina
960 2688 1145 2752 accedente·

67 2818 124 2859 enee
146 2805 216 2865 dua
234 2810 300 2877 epto
317 2803 458 2874 laedam
480 2792 635 2866 dicuntur,
658 2811 693 2853 ex
715 2792 825 2869 quibua
842 2798 963 2857 ceterae
980 2797 1051 2860 iitae
1067 2803 1145 2863 tam-

69 2928 145 2985 quam
166 2928 203 2969 er
224 2926 282 2968 ano
312 2906 398 2967 iente
428 2908 632 2983 promanant,
661 2904 755 2979 inque
784 2903 895 2981 quibua
924 2908 993 2982 ipsa
1013 2907 1062 2969 dei
1083 2912 1147 2973 vita

69 3024 210 3082 eeneietat·
253 3017 322 3079 Nou
344 3032 417 3075 vero
439 3012 579 3076 Gennad.
603 3014 635 3073 in
665 3012 726 3073 hoc
748 3010 814 3073 eolo
837 3016 960 3079 nomine
984 3021 1146 3099 acquievit,

70 3132 145 3208 cnjua
172 3134 221 3191 rin
251 3128 478 3189 exeusationem
515 3128 626 3185 uectae
653 3128 745 3201 eaaet.
799 3123 974 3189 Prudenter
1011 3130 1146 3211 adjecita

69 3239 132 3301 baec
152 3242 213 3301 tria
235 3240 380 3300 idiomata
400 3257 457 3299 noa
478 3254 624 3297 vocamus
644 3251 720 3317 τρεῖς
737 3242 922 3319 ὑποστάσεις,
945 3243 979 3300 et
998 3258 1078 3319 quoe
1099 3244 1148 3305 ῑῃ.

70 3368 149 3429 cuper
171 3349 256 3430 apud
271 3350 412 3411 crucium
430 3347 577 3429 leguntur
597 3350 685 3427 ἤγουν
707 3356 774 3423 epto
795 3352 947 3426 ιοόσωκα,
975 3368 1054 3429 quae
1068 3354 1149 3415 Poe-

70 3465 177 3521 eeu'nua
199 3464 231 3521 in
253 3479 310 3521 euo
339 3464 424 3519 textu
456 3477 519 3518 non
550 3456 701 3517 inuenisse
730 3454 861 3516 videtur.
904 3458 1069 3541 Utcunque
1096 3480 1149 3525 rea

70 3589 96 3631 ee
112 3572 224 3649 bebet3
249 3572 309 3632 hoc
331 3570 534 3631 certissimum
557 3571 622 3643 eat,
651 3564 863 3642 Gennadium,
894 3574 930 3629 ut
951 3589 1008 3631 noe
1030 3573 1150 3635 trinita-

68 3688 131 3757 ten,
150 3684 211 3743 trie
233 3682 285 3741 illa
306 3680 429 3761 ringula
449 3695 577 3740 vocasse
606 3678 820 3753 proprietates
849 3696 912 3739 non
940 3681 1009 3757 dei,
1037 3687 1073 3744 ut
1092 3706 1150 3751 noe

69 3792 223 3853 trinitatem
247 3792 387 3867 dicimur,
409 3790 464 3852 sed
485 3794 519 3851 ia
540 3791 616 3863 dee,
638 3789 669 3846 in
693 3787 804 3864 quibua
820 3790 919 3849 verbie
935 3792 1034 3853 omnia
1055 3798 1151 3861 cardo

68 3902 198 3961 uertitur.
239 3902 405 3964 latuerunt
433 3902 487 3963 illa
515 3900 592 3978 deo,
623 3901 779 3975 tamquam
801 3898 936 3973 nepem
957 3906 1014 3963 nt.
1034 3902 1085 3983 4.,
1114 3916 1159 3979 ¹¹2,

69 4030 160 4089 supra
180 4012 293 4073 dictum
314 4019 380 4089 eat,
401 4014 444 4075 ita
464 4014 500 4072 ut
521 4029 579 4089 pro
601 4006 669 4087 ejus
692 4008 879 4086 expositione
901 4008 961 4071 dici
982 4012 1090 4077 liceat:
1119 4022 1151 4079 in

70 4122 120 4183 deo
152 4128 200 4183 eet
230 4134 328 4201 Νοῦς,
354 4132 459 4203 Λόγος,
484 4132 616 4201 Πνεῦμα,
650 4118 733 4196 quod
764 4117 867 4179 nullae
896 4124 1031 4203 graviter
1061 4128 1150 4192 ierat.

70 4232 127 4293 iton
148 4252 223 4295 rere
245 4234 349 4293 inania
369 4234 514 4295 virtutum
544 4234 623 4294 baec
643 4229 737 4291 rerba
758 4233 847 4304 eunt,
879 4232 934 4291 eed
964 4253 1020 4295 ena
1043 4243 1153 4301 natura

810 4342 858 4395 b*
