2596 4710
464 255 699 325 Praefatio.
1100 278 1136 324 rx

173 445 210 512 ir
230 445 392 534 Ἐπιτομῇ
415 449 471 515 διὰ
502 451 851 533 Μητροφάνουσ
878 449 1138 532 ‘Inponend-

177 579 279 637 χου,
326 562 602 641 Πατριαρχικοῦ
635 581 670 627 τε
710 561 1037 647 Πρωτοσυγγὲλου,
1075 565 1139 626 τοῦ

178 676 207 736 K
216 676 509 753 ριτοπούλου.
556 676 748 766 Confessio
766 677 965 747 catholicae
987 684 1021 744 et
1048 698 1140 767 epe-

176 796 328 866 6166666
352 798 392 866 in
418 799 558 871 oriente
573 801 756 885 eccleciae,
785 805 966 892 conscripta
986 822 1142 891 compen·

177 920 268 988 diosc
293 944 350 1012 per
374 925 694 1016 Metrophanem
721 924 997 1017 Critopuium,
1019 928 1144 996 litero-

178 1050 364 1116 monachum
392 1052 548 1140 quondam
582 1057 613 1119 ct
638 1051 888 1120 Patriarcitaiem
912 1049 1145 1120 Constantine-

180 1172 352 1260 potitanum
372 1178 654 1268 protosyngelum,
681 1176 767 1243 edita
793 1184 824 1243 et
848 1177 1005 1254 latinitate
1029 1177 1148 1244 donata

180 1317 200 1363 a
224 1296 246 1362 J
257 1316 390 1366 eamne
416 1301 626 1390 Horncjo‚
651 1301 755 1368 Aeac.
773 1302 842 1368 iul.
862 1301 949 1369 Pras.
964 1302 1002 1370 Ρ.
1028 1300 1147 1368 Helm-

180 1421 261 1487 stad.
289 1422 399 1492 1561.
446 1423 521 1516 (hic
559 1447 707 1493 numerus
742 1426 931 1516 typothetae
970 1427 1049 1492 vitio
1092 1443 1148 1514 pro

182 1567 264 1613 anno
285 1548 378 1617 1661
408 1558 564 1620 exaratus
590 1549 656 1642 est)
684 1555 719 1619 4.

68 1705 107 1772 rui
143 1706 305 1793 praemisit
339 1709 567 1798 praefationem
601 1710 867 1781 Hermannus
895 1705 1153 1798 Cooringius

68 1829 100 1896 ni
135 1830 311 1917 iioroejum
347 1836 572 1924 interpretem,
611 1837 745 1902 amioum
784 1856 874 1901 suum
914 1839 946 1900 et
983 1832 1153 1922 collegam,

68 1953 189 2040 iatam,
233 1958 264 2023 irr
299 1980 359 2046 qua
391 1960 430 2026 de
463 1960 674 2050 Metrophane
708 1963 840 2048 ejusque
879 1957 1077 2026 confessione
1110 1958 1155 2022 ita

69 2081 214 2169 oquitur:

165 2239 235 2325 „la
261 2264 368 2330 paam
392 2246 491 2332 opaci
513 2268 578 2313 nor
603 2249 748 2336 deponet
783 2237 905 2334 (clepit
940 2247 1061 2309 autern
1085 2238 1160 2306 nini

166 2365 287 2454 failor
313 2369 496 2458 memoria,
523 2370 656 2437 onnain
681 2368 874 2458 inteprnm,
902 2389 981 2435 cern
996 2364 1160 2434 omnibns

167 2497 318 2580 pratae,
351 2500 426 2559 tam
461 2494 667 2583 cumprimis
692 2492 833 2583 mnpnir
858 2491 934 2558 iltis
961 2488 1161 2558 duumviris

170 2614 321 2683 cattam
347 2625 473 2685 nostro
501 2626 536 2686 et
559 2618 663 2707 patri
689 2626 765 2705 tao,
791 2616 944 2683 alterins
960 2619 1074 2703 domo,
1102 2615 1162 2680 at-

171 2739 285 2808 terina
303 2742 469 2810 cenoictn
483 2750 600 2831 nterea,
629 2735 866 2832 familiaria),
893 2746 1046 2828 repetat
1071 2759 1161 2805 con·

172 2865 320 2956 scripsit
346 2867 481 2958 eoeipno
506 2866 625 2934 libello
643 2864 839 2934 orientalis
856 2862 1044 2931 Ecclesiae
1064 2883 1163 2929 cenr-

171 2991 383 3081 pendioram
417 2993 510 3061 itanc
546 2978 818 3081 conferaionem.
874 2986 1070 3057 orientatis
1103 2985 1165 3053 in·-

176 3140 282 3206 qnam
313 3118 347 3185 6.
367 3139 396 3184 6.
434 3116 860 3207 Constantinopolitanae
893 3122 929 3182 et
962 3135 1053 3205 qnae
1088 3134 1168 3179 cnm

176 3243 243 3310 itta
265 3241 372 3311 leodie
398 3241 586 3311 doctrinae
610 3250 782 3311 terrenam
805 3239 911 3310 tabet
931 3261 1167 3308 commanem.-

178 3367 339 3459 qnamaia
365 3368 451 3434 olim
475 3368 688 3455 {terentibus
706 3365 855 3456 imperii
873 3365 1029 3433 Romani
1048 3363 1168 3443 66666,

181 3492 380 3559 orientalia
406 3493 572 3562 Ecclesia
604 3497 682 3560 κατ’
705 3492 835 3572 ἐξοχὴν
872 3488 1054 3557 audio-erit
1089 3487 1169 3574 itta,

179 3641 270 3708 praee
295 3617 334 3684 in
353 3617 531 3709 Dieeceai,
555 3641 619 3687 cen
645 3616 890 3708 appellabant,
917 3610 1076 3681 orientia
1095 3613 1171 3679 Pn-

182 3743 382 3812 triorchem
431 3742 648 3833 opnoeecbat
701 3740 973 3808 Antiochenam.
1044 3736 1172 3805 Potuit

181 3891 268 3938 rane
294 3872 391 3959 qnod
422 3876 574 3959 rapotae
606 3873 688 3936 erat
715 3865 847 3955 optime
881 3861 1036 3929 omniane
1058 3885 1172 3950 prac-

182 4004 302 4063 stare:
337 3994 621 4084 prcandepnidem
655 3991 797 4060 calebat
827 3986 995 4077 inpenio,
1019 3986 1173 4070 indicia,

186 4128 220 4188 ct
255 4119 423 4187 doctrina
459 4142 531 4185 non
570 4116 785 4206 proletaria.
839 4111 1022 4180 Ecclesiae
1057 4120 1176 4184 erotem

188 4266 276 4315 auree
291 4245 397 4334 fictcm
415 4253 448 4312 ct
457 4241 596 4334 piacita
613 4241 673 4335 qni
690 4239 930 4334 iprroreccrit,
947 4241 1178 4327 tepoperopor
