2596 4710
444 320 771 414 Prolegontcus.
1044 348 1158 396 ιιιιιιιιι

82 506 404 586 onstantinopolitano
436 520 584 567 summam
613 507 757 565 cessisset
786 506 1009 566 auctoritatem.
1061 508 1152 571 llnnc

80 640 128 683 ero
150 640 223 682 esse
247 620 450 679 harbarorum
472 612 598 678 arbitrio
620 616 747 677 maxime
769 614 948 689 obnoxium,
971 633 1063 692 quum
1085 621 1153 696 ejus

80 730 145 793 sdes
176 736 210 791 ei
229 727 379 810 dignitus
406 747 426 790 a
455 729 566 789 ancis
599 722 770 805 veneat1).
827 722 989 787 Nonnullis
1022 726 1061 786 de
1092 730 1153 789 ele-

80 842 179 915 sene,
208 841 462 920 inauguratione,
492 838 615 917 juribus
636 837 886 898 Patriarcharnm
911 834 1093 915 disputatis,
1116 840 1154 900 de
1282 915 1288 931 ,

80 956 206 1013 nttuor
237 951 404 1012 Orientalis
433 951 544 1026 sectis,
574 949 758 1021 menica,
792 948 939 1024 Coptica,
973 948 1155 1011 ninantur

80 1067 89 1122 t
120 1062 298 1123 Jacohitica
337 1063 410 1141 agit
464 1060 606 1135 Denique
642 1058 682 1119 da
711 1076 786 1119 suae
825 1054 974 1119 ecclesiae
1011 1064 1155 1123 constan·
1234 1112 1237 1117 .

81 1174 259 1249 alideique
279 1173 487 1249 perpetuitate
508 1172 619 1230 iterum
640 1168 790 1248 gloriatus
811 1186 872 1227 non
896 1168 1054 1247 infitiatur,
1071 1191 1156 1235 cras-

80 1303 124 1345 ιιιι
147 1284 190 1345 ibi
214 1301 285 1344 esse
307 1285 340 1342 et
360 1281 569 1341 incredibilem
591 1279 812 1360 ignorantiam,
844 1296 936 1355 quam
958 1282 1156 1345 commodita-

135 1398 252 1455 nactos
258 1393 391 1454 leonitas
400 1391 667 1468 Constantinopoli
680 1422 719 1434 -
730 1391 776 1449 sic
786 1392 866 1449 enim
881 1389 1035 1449 scribit—
1045 1393 1155 1456 lunda.

80 1510 164 1567 senta
182 1504 300 1582 jecisse
323 1502 363 1562 ad
395 1501 579 1565 erudiendos
610 1518 725 1578 pueros
747 1503 779 1561 et
809 1498 961 1578 proficere
991 1509 1067 1579 quot
1088 1506 1155 1567 vul·

80 1634 116 1677 es
135 1618 220 1676 inter
242 1613 384 1694 gallinas.
427 1612 600 1673 Polliceiur
620 1628 761 1686 vero,·ne
784 1612 866 1669 omui
888 1609 1155 1676 modocautnrum

80 1744 148 1802 sace,
181 1746 223 1786 ue
245 1722 340 1785 isllax
360 1722 415 1782 illa
444 1723 632 1783 Jesuitarum
654 1740 750 1800 gens,
774 1737 865 1796 quarn
887 1721 912 1777 si
936 1722 1003 1797 quis
1025 1724 1103 1785 alius
1125 1728 1155 1785 in

80 1836 135 1897 nn
155 1836 270 1910 hahet,
299 1833 418 1911 majora
439 1832 534 1893 iaciat
554 1834 753 1892 incrementa.
796 1830 905 1891 Lihros
926 1826 967 1895 a!
987 1822 1157 1895 illustribus

80 1948 222 2009 ndniorn
252 1947 363 2004 missos
394 1943 534 2003 additae
556 1941 782 2020 pertraditum
807 1941 922 2018 duplici
944 1945 1036 2021 gustu
1058 1942 1158 2007 lectu-

80 2076 131 2117 ιιιιι
152 2074 244 2133 esse3
272 2055 383 2115 Jacohi
405 2054 532 2114 Arminii
554 2053 670 2129 theses,
691 2069 748 2113 suo
766 2050 885 2130 judicio
907 2051 1020 2129 addito,
1043 2058 1158 2118 oratori

80 2186 133 2228 nor
152 2186 187 2227 se
208 2166 420 2226 remissurum.
463 2164 568 2238 Petit,
597 2167 633 2223 nt
654 2164 711 2224 sihi
732 2162 871 2224 mittetur
891 2166 976 2224 totus
999 2164 1157 2248 catalogus

81 2278 247 2349 doctorum,
275 2276 329 2351 qui
359 2276 492 2355 graviter
521 2275 701 2352 scripserint
726 2274 758 2333 ln
780 2276 942 2350 utramque
964 2276 1158 2354 scripturam,

82 2391 190 2450 anime
213 2390 245 2448 in
268 2386 365 2446 libros
386 2383 492 2459 Moris,
512 2386 545 2444 iu
567 2383 700 2462 majores
722 2384 914 2462 Prophetas,
939 2385 969 2443 in
990 2384 1159 2467 Evangelio

83 2498 216 2578 Paulique
240 2494 407 2575 epistolas,
431 2498 542 2572 quibua
563 2513 627 2570 sos,
651 2495 767 2571 inquit,
797 2493 835 2554 ad
857 2493 929 2571 plus
949 2494 1086 2570 utimini,
1109 2515 1159 2557 ex-

84 2614 163 2689 ceptis
185 2613 242 2684 iis,
275 2624 353 2684 quos
383 2605 585 2665 Illustrisaimi
607 2604 737 2665 Ordines
759 2603 800 2664 ad
820 2622 870 2664 me
885 2598 928 2682 ⁹).
971 2603 1039 2664 Non
1060 2606 1158 2669 solnm

85 2737 138 2781 tero
158 2719 390 2798 'theologorum
413 2717 536 2776 nomina
557 2719 589 2776 et
611 2715 706 2775 libros
730 2733 918 2794 cognoscere
941 2717 1074 2792 cupivit,
1104 2719 1159 2778 sod

86 2832 157 2893 den
186 2828 449 2904 Philosophorum
479 2831 510 2886 ot
537 2825 584 2885 ael
613 2824 898 2885 mathematicorum
937 2842 1032 2901 opera
1063 2829 1160 2904 prima

86 2943 227 3001 secuione
252 2939 291 2999 ad
315 2957 349 2999 sc
371 2937 468 2997 soluit
489 2938 631 2996 mitti-
658 2934 729 2996 lom
758 2953 831 2995 vcro
861 2951 917 2995 cur
946 2954 1008 2996 uns
1029 2938 1161 3015 epistola

88 3046 336 3128 &emtinopoli
358 3048 456 3109 altera
478 3067 515 3107 ex
535 3047 691 3108 Walachia
712 3046 785 3108 data
805 3046 862 3122 ait,
890 3045 982 3125 hujus
1004 3050 1050 3111 rei
1072 3069 1161 3113 caus-

89 3224 303 3244 ψ...

139 3342 165 3409 1)
181 3338 334 3395 Dicebatur
351 3335 404 3392 hoc
422 3334 538 3401 donum,
563 3352 618 3408 quo
635 3350 728 3394 munna
747 3334 929 3399 patriarchale
951 3342 987 3397 ah
1002 3342 1163 3416 imperatore

88 3418 214 3479 lumem
232 3423 426 3489 redimeretur,
443 3420 602 3490 necatores,
620 3424 692 3495 qnod
710 3427 811 3496 primns
827 3428 924 3499 solvit,
947 3429 991 3500 qul
1007 3432 1112 3501 quintus
1127 3429 1163 3483 ah

88 3502 304 3580 hummpon
321 3517 473 3580 expugnata
489 3507 646 3563 Pnuinrcha
671 3510 771 3567 electus
789 3523 847 3578 est,
871 3508 997 3584 Symeon
1015 3513 1164 3569 liternino·

86 3594 177 3651 soem
196 3594 426 3671 stupescentes,-
440 3593 526 3648 electo
543 3592 673 3665 vigesimo
690 3597 809 3652 secundo
827 3596 982 3670 Dionysio,
999 3608 1061 3653 ante
1079 3595 1163 3652 Nico-

87 3682 172 3737 medee
191 3677 378 3751 Metropolim,
398 3674 537 3731 alannum
554 3677 619 3732 illud
636 3679 736 3734 donum
753 3682 847 3737 ested
863 3683 912 3736 trla
928 3685 1000 3738 milia
1012 3700 1163 3739 annorum.

87 3761 129 3820 Qu·
144 3781 208 3822 vero
226 3783 289 3821 enm
307 3764 413 3833 excepit
430 3760 529 3819 Xlilll.
546 3762 729 3838 Joasnplsns,
745 3765 923 3840 Metropolim
939 3768 1167 3840 Adriauopoleos,

85 3851 162 3905 nuth
179 3848 418 3906 nathinationibus
436 3847 464 3903 id
482 3846 585 3916 edocit,
609 3859 639 3904 ut
656 3867 710 3905 uno
732 3852 804 3907 mille
827 3853 957 3917 detracto,
974 3850 1016 3905 his
1033 3852 1105 3909 mh
1118 3871 1167 3910 uu·

87 3946 245 4004 muter,
263 3952 335 4006 quse
351 3933 409 4004 pn
429 3934 567 4006 septimus,
586 3931 722 4006 Symeon,
739 3936 834 3993 lterum
855 3938 948 3993 sellam
967 3934 1167 4007 patriarchalem

88 4019 251 4089 muns,
274 4019 404 4075 solverat.
440 4014 494 4074 Cir.
511 4017 687 4089 Turcogreee
710 4038 739 4093 p.
756 4024 806 4077 124
826 4037 866 4090 sq.
893 4026 952 4079 129.
969 4026 1028 4080 1⁶9.

140 4117 174 4186 2)
198 4113 266 4169 Rern
292 4112 402 4184 exponit
424 4128 458 4166 ex
482 4110 574 4167 Paeti
596 4112 743 4180 Pindari,
770 4112 873 4182 Angues
897 4115 933 4169 cd
955 4113 1066 4171 Portam
1081 4117 1169 4189 legati,

91 4192 164 4265 bre,
182 4214 268 4269 quare
282 4212 338 4251 uon
352 4205 408 4264 est,
424 4214 473 4251 cur
486 4198 512 4251 ei
527 4192 610 4250 Μαι
628 4196 798 4266 denegemus.
833 4195 923 4255 Miror
944 4203 1038 4273 igitur,
1055 4221 1073 4258 a
1087 4201 1170 4258 noh.

94 4279 764 4355 hunepssmherrenenannanens.
1040 4268 1092 4289 “’

863 4400 881 4443 c
913 4406 919 4417 .
