2596 4710
443 277 769 372 Prologomeua.
862 382 866 405 Ι
1117 308 1154 355 rx

58 460 116 521 teli
137 459 259 523 delam
281 463 364 523 omni
386 481 446 540 ope
468 464 650 524 niterentur.
694 464 739 524 Ex
759 464 807 524 bia
834 464 895 525 luit
920 467 1067 543 imprimis
1082 466 1163 535 aaa:

61 573 166 651 argius
195 572 442 651 'l'rapeannlius‚
472 574 590 633 Romae
619 573 798 635 demortuus
827 592 908 635 anno
941 576 1057 637 saeculi
1087 578 1153 639 XV.

60 684 252 762 octogesimo
290 686 385 743 sesto.
429 684 560 761 Scripsit
588 685 614 743 is
643 680 754 744 librum
785 680 931 763 plenum,
953 684 1000 745 'ut
1028 687 1154 748 tradunt
1262 674 1274 767 ‚⁸

59 797 225 866 auctores,
254 792 537 868 contumeliarum,
562 797 673 871 quibus
694 794 833 857 Platonis
870 798 1082 856 auctoritatem
1105 800 1153 857 in-

60 902 357 982 fringere'stndoit,
388 904 477 982 eujus
499 906 703 982 patrocinium
725 906 909 980 Bessarion,
939 925 957 965 a
977 906 1066 983 Papa
1087 906 1154 985 jam

60 1015 144 1072 inter
163 1016 352 1091 purpuratos
374 1018 478 1091 patrea
500 1016 634 1089 relatus,
653 1008 708 1075 'ita
730 1018 882 1093 suscepit,
904 1020 957 1090 ut,
978 1016 1155 1094 plaudenti-

10 1168 12 1177 .
61 1126 121 1184 bus
150 1128 179 1185 ei
201 1126 340 1202 plurimis
370 1124 468 1184 doctis
497 1126 689 1201 hominibus,
721 1126 944 1203 Trapezuntiua
974 1129 1154 1189 temeritatis

61 1254 138 1295 snae
161 1254 277 1312 poenas
299 1234 389 1295 daret
403 1236 445 1312 ¹).
488 1236 654 1296 Bessarion
674 1241 786 1310 autem,
808 1243 992 1324 quamquam
1007 1257 1064 1315 pro
1080 1238 1155 1299 Pla'·
1260 1300 1263 1305 .

60 1348 145 1405 tonis
168 1345 266 1425 gloria
287 1350 442 1406 certamen
465 1346 574 1418 subiit,
600 1353 702 1405 tamen
724 1366 786 1406 non
808 1349 889 1406 inter
909 1348 1075 1409 acerrimos
1096 1350 1155 1409 bn·

56 1455 113 1533 jus
136 1460 384 1537 propugnatores
402 1457 496 1516 stetit.
538 1455 582 1515 Ut
603 1454 638 1525 in
657 1456 855 1516 ecclesiarum
876 1456 1036 1518 discordiis
1050 1461 1152 1520 mitem

62 1584 97 1627 se
120 1569 280 1644 praebuit,
300 1547 411 1628 'neutri
439 1565 531 1645 plane
554 1569 794 1645 repugnantem,
824 1568 1004 1628 sed-neutri
1026 1587 1153 1645 prorsus

64 1680 262 1752 servientem
295 1680 340 1738 aio
363 1679 453 1736 etiam
474 1678 505 1736 in
527 1677 702 1737 scholarum
723 1672 1002 1754 philosophicarum
1026 1681 1156 1739 eonten-

65 1788 197 1848 tionibus
228 1790 273 1866 ita
300 1788 444 1847 versabat
475 1790 633 1860 naturam,
663 1790 698 1847 ut
718 1786 857 1845 Platonis
891 1786 1013 1863 quidem
1041 1788 1155 1863 lautor,

65 1882 130 1957 nou
150 1916 221 1957 rero
243 1896 419 1957 Aristotelis
442 1901 612 1957 contemtor
635 1899 688 1955 aut
708 1896 910 1974 implacabilis
932 1897 1029 1956 hostis
1048 1892 1156 1959 nume-

64 2007 182 2067 randus
196 2008 356 2067 rideretur
372 2027 449 2068 esse.
493 2007 598 2082 linque
614 2008 673 2065 hoc
694 2008 725 2065 in
748 2000 860 2087 genero
878 2004 1063 2068 'Gennadius
1087 2009 1156 2087 ejus

64 2116 219 2177 dissimilis
241 2118 310 2177 luit.
353 2116 544 2177 Platonicam
566 2118 667 2194 palam
689 2120 825 2177 sectatus
849 2123 896 2177 est
918 2118 1065 2193 scholam,
1094 2138 1156 2179 nou

61 2244 139 2287 vero
160 2226 340 2301 Platonica,
368 2245 446 2303 quae
468 2228 567 2287 minus
597 2228 773 2288 viderentur
795 2227 967 2288 Christiana
995 2248 1079 2302 esso,
1109 2233 1157 2289 te-

63 2356 150 2398 mere
172 2337 412 2416 amplexabatur.
455 2338 599 2410 Constat,
634 2357 703 2397 eum
732 2342 841 2397 contra
861 2340 1061 2412 Pletlrouem,
1093 2338 1157 2414 By·

64 2452 230 2523 reatinum,
253 2448 354 2508 medio
377 2449 501 2509 saeculo
519 2450 584 2507 XV.
606 2449 636 2507 in
660 2432 880 2526 Peloponneso
899 2448 1054 2522 denatum,
1077 2451 1157 2509 acri·

64 2566 115 2619 ter
136 2580 312 2640 pugnasse,
342 2560 413 2634 qnia
435 2559 574 2618 Platonis
604 2557 725 2634 quidem
749 2558 862 2635 placita
893 2559 982 2619 docte
1004 2563 1036 2619 et
1058 2560 1157 2619 subti-

66 2671 139 2730 liter
161 2671 311 2746 doeebat,
344 2669 398 2729 sed
420 2670 576 2729 destructo
608 2671 674 2746 ipso
698 2671 881 2729 christianae
906 2669 1064 2729 doetrinae
1086 2668 1157 2729 lun-

64 2782 227 2855 dumento,
259 2780 341 2857 quod
369 2782 400 2839 in
431 2780 478 2839 dei
501 2782 617 2839 unitate
639 2780 787 2840 innititur.
831 2780 920 2839 Hanc
943 2779 997 2839 illo
1020 2779 1158 2840 simulta-

65 2898 131 2952 tem
153 2896 346 2952 contraxerat
366 2893 421 2950 sibi
445 2892 484 2950 ob
505 2889 600 2949 libros
622 2890 662 2948 cle
683 2891 869 2951 Platonicae
891 2898 983 2968 atqae
1006 2891 1159 2950 Aristote-

67 3006 150 3063 licaa
167 3004 386 3079 philosophiae
408 3000 586 3080 differentia
609 3004 640 3058 et
663 3001 701 3060 de
724 3002 846 3080 kpibas
867 3002 1070 3076 conscriptos,
1105 3002 1158 3077 qul
1183 3021 1186 3025 ’

67 3119 191 3193 praeter
221 3112 415 3187 Gennadium
444 3114 534 3171 eiiam
565 3111 731 3191 Georgium
761 3112 999 3187 Trapezuntlum
1029 3114 1060 3170 et
1092 3110 1160 3171 lla·

69 3225 189 3284 nuolem
212 3224 473 3301 Peloponnesium
487 3218 536 3300 ²),
559 3240 687 3301 maguae
710 3222 859 3282 eeclesiae
881 3222 1052 3297 rhetorem,
1076 3222 1159 3281 nacti

70 3340 150 3402 aunt
166 3336 379 3395 acerbissimos
403 3334 602 3392 adversarios.

155 3472 218 3532 Sed
240 3476 285 3548 ,ut
313 3470 351 3531 ad
383 3468 534 3531 Gemmdii
567 3466 775 3528 confessiones
806 3466 948 3542 redeam,
984 3466 1062 3525 baec
1093 3461 1159 3523 lere

140 3712 169 3781 i)
189 3708 241 3766 cir.
261 3709 319 3765 Leo
336 3708 462 3764 Allotlas
479 3707 589 3764 diatriba
606 3708 641 3762 de
658 3702 779 3779 Georglis
798 3724 824 3777 p.
842 3708 902 3763 878.

138 3806 166 3873 2)
183 3802 337 3858 Maonelem
356 3811 494 3874 praeterea
511 3800 654 3857 offendisse
671 3800 755 3857 lectam
772 3802 837 3854 alins
855 3799 922 3852 liber
939 3793 1080 3851 Pleilronis
1097 3792 1162 3864 aopi

72 3888 125 3959 ric
139 3884 323 3959 dazoprdoaone
347 3890 398 3943 τοῦ
415 3884 496 3957 ἁγίου
517 3883 674 3954 πνεύματος
695 3880 854 3952 ἀπόδειξις,
881 3877 926 3938 das
940 3877 978 3947 lla
999 3877 1088 3949 palaea
1110 3881 1162 3933 sori

70 3970 177 4043 meda
189 3970 413 4045 dempsissent
428 3975 537 4043 maipa
556 3968 589 4027 sd
606 3966 687 4041 dyene
704 3980 766 4035 ete,
784 3972 811 4025 iu
832 3986 886 4039 quo
909 3974 1065 4037 argumenta
1080 3965 1162 4019 aaa·

70 4076 116 4117 Ιο
128 4076 162 4115 aa
178 4058 321 4117 Platonica
342 4059 474 4131 gentilium
496 4056 667 4133 philosophia
692 4056 811 4127 petierat.
847 4052 911 4111 Quo
931 4054 969 4107 lta
988 4053 1087 4107 exarsit
1103 4048 1165 4104 bla-

72 4144 157 4200 saeba
171 4144 229 4209 ira,
253 4155 282 4199 nt
299 4162 359 4201 eum
383 4142 480 4200 lulensi
501 4142 660 4199 christianae
687 4137 775 4195 virtuti
799 4135 878 4191 aunt
902 4138 1073 4194 insimularet.
1109 4133 1163 4190 our.

73 4230 129 4288 laeo
146 4230 271 4287 alletia
289 4232 327 4286 de
338 4236 454 4305 perpet.
472 4240 523 4287 ete.
547 4246 573 4301 ρ.
589 4232 650 4285 985.
