2596 4710
459 313 782 407 Protegomeus.
1084 346 1173 395 um

76 524 180 567 terum
202 504 424 582 inperatorem
443 501 548 561 neseio
571 500 646 579 quid
666 506 931 577 consequerentur
947 500 987 585 ¹).
1032 508 1096 569 Sed
1109 514 1174 569 tum

76 618 105 677 id
127 621 211 677 terte
233 632 299 674 uon
322 613 398 671 satis
419 630 546 689 possum
568 619 767 690 computare,
798 616 899 675 omnia
929 618 1114 694 exemplaria
1134 622 1173 679 atr

74 728 262 801 Ordinibus,
292 724 348 801 qui
370 724 428 801 ipsi
450 728 569 781 sumtus
598 723 759 799 fecissent,
794 726 1082 805 Constantinopolin
1105 748 1173 789 esse

72 841 266 901 transmisse.
307 834 370 894 lua
398 835 479 893 enim
509 833 602 893 editio
635 853 786 910 nusquam
816 842 965 914 apparet3
998 838 1067 915 ejus
1100 856 1174 899 sero

72 953 119 1012 rel
142 947 333 1021 πρωτότοκον
363 943 412 1003 rel
441 946 683 1021 manuscriptum
716 945 841 1023 aliquod
873 948 973 1009 fertur
1004 966 1026 1009 a
1053 948 1175 1011 Gallico

74 1064 179 1142 legato
202 1057 341 1120 Parisios
371 1056 497 1115 missum
527 1056 622 1114 tuisse
637 1056 680 1131 ²).
722 1055 840 1117 Iterato
869 1060 961 1118 etism
991 1062 1024 1119 st
1050 1060 1174 1135 quidem

75 1172 221 1249 precibus
243 1166 385 1240 Dionysii
420 1184 489 1226 esse
509 1165 622 1225 dieitur
636 1164 689 1243 ³),
720 1165 758 1227 de
782 1185 843 1243 qus
872 1186 952 1231 nors
976 1170 1050 1231 edit.
1072 1172 1175 1233 minus

76 1286 165 1343 etiam
188 1277 343 1357 quamde
367 1277 465 1352 prima
487 1279 618 1336 constat.
662 1277 745 1337 Hine
764 1278 959 1341 Norraaaaus
982 1280 1121 1358 eaajteit,
1143 1282 1175 1341 ia

78 1394 194 1453 iteratis
224 1388 315 1449 editt.
346 1388 578 1465 aPsnegiote,
612 1387 735 1447 homine
765 1388 940 1451 doctissimo
969 1391 1093 1468 quidem
1121 1392 1177 1451 sed

79 1504 239 1565 reterrimo
255 1499 379 1579 iugenio
393 1494 438 1574 ⁴),
460 1497 542 1557 haud
559 1515 660 1574 panea
680 1499 812 1559 sonasse
834 1520 905 1563 esse
925 1505 1053 1563 mutate.
1085 1502 1176 1579 Quod

11 1618 19 1671 '.
82 1628 140 1675 tum
159 1610 375 1673 difficillimum
399 1612 446 1667 est
462 1608 502 1667 ad
520 1609 801 1681 demonstrandum,
824 1626 918 1684 quum
932 1612 1051 1673 uultum
1070 1633 1176 1673 emen·

84 1727 207 1785 dationis
231 1721 349 1781 aterum
371 1722 520 1796 appareat
540 1721 720 1798 vestigium,
750 1723 816 1779 tum
848 1722 951 1781 everi
974 1724 1175 1787 similitudine

84 1838 195 1897 ridetur
218 1834 394 1904 abhorrere,
419 1830 552 1905 aliquem
572 1828 621 1889 ret
638 1828 779 1889 doctrina
797 1834 829 1889 et
845 1834 1029 1893 auctoritate
1045 1836 1174 1919 ueprius

87 1948 278 2023 conspicuum
306 1943 387 2004 libre
422 1941 635 2002 ecclesiastico
668 1960 732 1999 uon
764 1944 960 2020 pepercisse,
993 1946 1176 2021 praesertin

10 2068 14 2073 '
87 2074 169 2133 quun
194 2056 277 2116 idem
300 2054 352 2113 ille
384 2052 423 2113 de
451 2070 569 2112 summa
598 2053 629 2111 ia
651 2053 745 2111 rebus
768 2051 948 2132 dogmaticis
972 2059 1004 2117 et
1025 2057 1176 2137 liturgicis

88 2168 250 2227 mastratis
271 2165 477 2241 maximopere
499 2181 622 2239 semper
643 2162 794 2243 gloriatus
815 2166 918 2224 sit.-
940 2165 1048 2227 Prima
1071 2166 1176 2242 editis,

17 2256 20 2263 ¹
90 2294 156 2351 quse
178 2276 371 2338 Graecorum
395 2275 565 2335 doctrinam
584 2273 746 2334 Germanis
769 2277 943 2351 octonisque
964 2278 1081 2337 esteris
1099 2296 1176 2357 pess-

40 2444 43 2449 .
89 2388 157 2445 tibus
186 2387 370 2463 impertivit,
400 2385 459 2445 tuit
480 2385 726 2445 it'ermaaniana.
769 2385 954 2447 Laurentius
984 2390 1067 2447 enim
1095 2387 1175 2450 Nor·

10 2494 44 2531 ”-
90 2514 224 2571 manus,
257 2496 394 2574 Upsatae
416 2495 581 2555 Professor
615 2494 804 2575 Theologiae
836 2497 939 2573 ibique
971 2499 1176 2563 bibliothecas

10 2608 28 2631 '·'
91 2604 281 2685 Praepositae
311 2604 460 2687 (deuotus
486 2600 596 2687 1703.)
629 2624 710 2666 aaao
735 2604 829 2665 1688.
859 2626 879 2666 a
901 2610 1053 2669 Gabriele
1073 2610 1175 2687 Spor-

9 2816 28 2849 .·-
148 2848 175 2919 1)
198 2846 314 2903 Tentzel
328 2844 504 2901 monatitclss
525 2845 761 2918 Unterrednrspers
786 2846 860 2901 mut.
879 2866 907 2918 p.
924 2848 983 2902 111.

9 2940 29 2961 ‘¹
147 2950 176 3017 2)
194 2950 240 3005 De
257 2960 404 3023 prototypo
429 2958 518 3004 narrat
542 2948 611 3003 idem
629 2948 780 3002 Tentsetius
798 2967 826 3019 p.
841 2950 902 3003 ris.
922 2950 964 3005 tit.
985 2968 1045 3005 erun
1064 2952 1177 3023 praeiet.

10 3046 29 3071 ·-“·
93 3046 156 3101 prm
173 3036 362 3091 lt'orrrsarsmse
385 3052 451 3089 suae
475 3033 593 3089 confess.
619 3035 682 3089 edit.
701 3032 837 3105 praefixit,
855 3052 881 3105 p.
895 3035 938 3089 tt.
974 3034 1018 3091 De
1035 3040 1178 3093 manuscri-

9 3142 13 3177 :
94 3132 129 3189 pto
151 3120 234 3177 refert
258 3120 446 3175 Normaanus
470 3137 497 3189 p.
512 3118 556 3173 Pl.
591 3116 657 3172 titud
679 3117 736 3188 jan
760 3138 832 3175 anuo
852 3121 926 3175 liiii.
952 3120 986 3174 ab
1012 3121 1072 3193 ipso
1091 3121 1179 3177 Pana·

16 3252 28 3287 .·-
94 3208 152 3275 pots
169 3208 266 3262 dicitur
290 3206 324 3260 ad
342 3204 527 3258 diruetrionem
553 3202 587 3257 de
610 3200 721 3258 Nointet
751 3222 809 3259 cum
835 3205 948 3276 epistota
974 3208 1081 3262 missum
1106 3228 1178 3277 esse,

22 3364 25 3369 Ι
94 3304 115 3345 ut
127 3295 161 3349 ab
177 3306 287 3349 oratore
303 3292 330 3345 ia
348 3290 460 3361 patrium
478 3305 589 3343 reuerso
608 3292 695 3359 possis
719 3290 806 3361 palam
830 3289 958 3344 dertareri
981 3301 1010 3345 et
1025 3291 1079 3346 irae
1096 3294 1178 3346 doee-

94 3390 171 3435 sesto
197 3378 389 3453 comprobari,
415 3376 577 3429 Gmecomm
603 3373 685 3429 tidem
702 3376 857 3445 longissime
872 3394 890 3431 a
907 3376 1062 3432 Gutviuiana
1080 3378 1179 3431 disere·

17 3482 25 3495 ·
92 3476 154 3535 μο.
186 3462 338 3521 law.
357 3470 445 3516 antem
465 3476 536 3514 anno
556 3459 630 3513 1673.
649 3459 772 3531 Dionysii
792 3459 867 3517 Patr.
884 3461 971 3531 sigillo
990 3462 1177 3517 confirmatum

39 3608 42 3617 ,
92 3560 139 3605 tu
153 3550 236 3609 nas·
251 3550 322 3605 misit
338 3548 441 3618 legatus
459 3544 594 3612 Parisios,
616 3545 651 3599 de
670 3562 698 3599 re
716 3546 789 3615 quasi
808 3562 881 3602 nora
898 3557 926 3601 et
942 3548 1060 3601 inarrdisa
1075 3544 1174 3617 gioria

38 3646 42 3691 t
93 3640 136 3701 11,
149 3646 216 3693 teste
232 3634 402 3691 Nomaanno.
438 3631 567 3685 Videntur
585 3631 652 3685 haee
669 3632 837 3702 discrepare,
858 3632 957 3702 quippe
976 3628 1175 3698 attemtrojam

36 3726 39 3737 '
94 3718 246 3789 mildense,
270 3720 316 3775 ret
335 3727 483 3791 prototypo
500 3718 543 3771 ret
562 3716 615 3771 troc
633 3735 763 3772 manuscr.
799 3715 951 3785 Utmmque
971 3715 1086 3769 tortasse
1105 3726 1179 3771 nere

8 3814 16 3831 ⁸
92 3808 189 3873 poterit.
205 3824 288 3877 qaum
305 3814 469 3876 prototypon
494 3802 529 3856 ab
552 3802 696 3871 interprete
713 3803 847 3868 traditum,
872 3811 935 3873 post
960 3800 1127 3869 patriarchae
1143 3802 1179 3855 si·

8 3900 12 3907 ·
89 3890 148 3957 pitto
165 3894 302 3963 pmtmtum
321 3888 440 3943 Parisios
459 3888 565 3941 missmn
584 3906 646 3943 esse
666 3888 783 3943 dicimus.
819 3888 871 3941 Vir
896 3902 962 3940 vero
980 3892 1045 3956 puto
1063 3885 1179 3957 legatum

88 3976 153 4029 duos
171 3976 225 4031 tere
243 3992 331 4029 annos
348 3973 493 4046 praeterire
509 3990 615 4043 pessum
634 3972 726 4029 tuisse.

30 4050 37 4091 ·'
145 4080 179 4151 r)
200 4078 317 4134 Tenere!
342 4077 359 4130 r.
376 4076 393 4129 ι.
422 4094 450 4146 p.
467 4077 529 4129 rsa
564 4075 711 4131 armiro
733 4075 751 4129 ι.
768 4078 784 4129 a
805 4094 831 4146 p.
846 4074 925 4137 ase,
950 4072 994 4143 qn
1012 4084 1039 4128 a
1055 4072 1179 4143 nanae

19 4104 50 4374 l
85 4164 165 4221 Heras
182 4166 249 4220 edis.
268 4161 486 4217 mammeas
503 4162 580 4233 operi
597 4179 649 4217 suo
668 4161 786 4215 insemis.

143 4270 174 4333 a
196 4264 313 4323 renea
330 4264 383 4319 aa
410 4260 514 4335 prae
