2596 4710
432 1532 773 1640 Praelalio.
819 1644 820 1648 a

152 1873 312 1945 umectus
336 1874 442 1945 Julius
464 1875 665 1968 Kimmol,
690 1874 875 1967 Rullianus,
901 1877 933 1944 ln
958 1876 1029 1944 vico
1047 1895 1144 1965 prope

70 2010 177 2071 mm
200 2002 310 2070 urbem
344 2022 374 2068 a.
399 2001 501 2072 1812
525 2008 637 2095 natus,
671 2003 775 2070 Jenac
808 2022 871 2070 non
904 2002 1020 2070 solum·
1040 2000 1145 2069 studia

70 2126 241 2219 eulogiae
267 2127 477 2217 evangelicae
512 2148 634 2197 summa
665 2148 736 2195 cum
770 2126 955 2196 assiduitate
980 2128 1146 2218 ingressus

70 2250 107 2323 Ε
136 2274 161 2323 a
191 2252 278 2320 Viris
318 2251 529 2321 celeberrimis
571 2254 771 2342 Schotto,
817 2251 1145 2344 Baumgarten-

70 2380 233 2469 buslo,
277 2377 458 2467 Danzio,
503 2377 780 2467 Hoffmann,
828 2377 1079 2447 Schwarzio
1114 2383 1147 2446 ot

103 2505 186 2571 'aio
212 2502 285 2570 inde
308 2504 346 2570 ab
373 2523 456 2571 anno
472 2502 567 2574 1831
595 2503 737 2593 edoctus,
765 2502 822 2571 sed
848 2509 880 2572 et
905 2507 1017 2593 postea
1044 2501 1148 2572 eidem

70 2492 164 2827 ÷c
187 2627 372 2696 academiae
396 2633 524 2719 gratum
557 2649 593 2696 se
619 2628 720 2718 gessit
745 2637 778 2695 et
803 2627 952 2695 deditum.
1004 2627 1090 2695 Nam
1115 2630 1148 2694 in

81 2730 172 2831 ,em
202 2757 367 2843 postquam
392 2754 574 2846 theologiae
598 2753 794 2821 Licentiatus
820 2753 859 2818 ab
886 2750 1004 2819 Ordine
1027 2771 1148 2821 summo

70 2879 230 2951 mamilli
255 2883 381 2946 creatus
406 2883 478 2970 cst,
513 2879 694 2968 disciplinas
731 2876 897 2965 plerasque
931 2877 1147 2969 theologicas,

70 3006 196 3095 primis
220 3002 432 3094 symbolicas,
462 3006 673 3095 exegeticus,
698 3001 940 3093 paedagogicao
964 3007 999 3072 et
1022 3005 1147 3095 practi-

70 3144 112 3196 ιι
138 3129 286 3219 privatim
313 3127 430 3196 docere
455 3131 569 3219 coepit.
619 3128 656 3195 ln
689 3148 750 3218 quo
783 3129 902 3217 primus
926 3128 1149 3221 theologorum

76 3274 292 3323 onnanorum
317 3253 394 3322 illud
420 3256 451 3322 in
476 3255 612 3323 animum
634 3254 778 3342 induxit,
812 3261 848 3323 ut
879 3253 1029 3324 librorum
1052 3276 1148 3345 sym·

70 3378 231 3448 blicorum
274 3379 431 3446 ecclesiae
476 3380 624 3449 Graecae
675 3379 727 3446 vel
766 3379 870 3469 potius
917 3380 1150 3449 confessionum

70 3518 125 3575 m
151 3506 359 3597 privatarum,
383 3525 466 3594 quae
491 3511 599 3574 tamen
625 3505 760 3596 aliquam
787 3508 1008 3574 auctoritatem
1034 3511 1149 3575 nactae

70 3634 190 3714 ucat,
229 3634 296 3697 tum
329 3629 554 3719 synodicarum
588 3650 702 3721 corpus
734 3629 855 3700 ederet.
916 3632 1030 3720 Neque
1065 3630 1095 3696 id
1129 3652 1150 3696 a

70 3744 221 3844 lorisque
247 3756 323 3822 viris
349 3754 449 3822 doctis
475 3755 681 3844 improbatum
706 3760 769 3845 eat,
795 3756 852 3824 scd
873 3757 951 3823 liber
976 3758 1065 3844 ipsc:

112 3903 219 3973 Libri
241 3902 424 3993 cymbulici
452 3901 640 3973 Ecclcaiac
666 3905 881 3996 orientalia,
912 3926 995 3972 nunc
1021 3905 1152 3994 primum

70 4050 89 4069 ·-
214 4029 367 4098 inunum
402 4049 517 4121 corpus
551 4027 701 4121 collegit,
735 4033 895 4099 variantes
925 4031 1077 4097 lectiones
1111 4030 1154 4097 ad

213 4154 306 4223 lidem
331 4156 515 4246 optimorum
541 4154 755 4244 exemplorum
779 4155 964 4244 adnotavit,
996 4156 1153 4246 prolego-

215 4299 311 4349 mena
353 4279 492 4370 addidit,
536 4278 638 4346 indico
677 4301 782 4349 rcnnn
823 4284 1063 4372 praecipuarum
1101 4282 1155 4347 in-
