2596 4710
96 290 255 341 esuum
473 269 797 361 l'rolegarncna.

560 536 597 629 §.
651 538 711 609 ιι.

179 693 222 753 At
243 710 316 753 sero
337 693 450 753 accidit
472 692 543 751 huie
566 692 694 771 synodo,
725 692 810 771 qaod
831 694 1017 755 catechismo
1038 696 1194 757 aectdlace

94 824 189 882 supra
217 804 355 867 diximus.
397 802 494 863 liaeta
522 803 603 862 enim
631 806 680 863 est
707 802 898 869 adversarios
920 808 1108 881 matrimes,
1136 809 1193 883 qui

93 917 217 993 «qnaeris
239 914 307 993 ejas
329 913 454 974 decreta
474 916 507 973 ot
528 916 708 992 argumenta
729 934 766 977 ex
785 916 997 981 Romanorum
1020 934 1076 977 ara
1098 918 1192 977 ettiu-

94 1029 173 1087 xisso
194 1027 373 1085 constanter
394 1024 592 1083 attenuarent.
635 1026 680 1087 Ex
702 1026 814 1102 quitus
839 1027 920 1087 idem
942 1028 995 1087 ille
1015 1028 1192 1105 amacius

95 1138 163 1210 luit,
184 1138 230 1195 rir
244 1154 354 1215 magno
377 1134 432 1193 sed
455 1136 671 1211 intemperanti
694 1137 807 1198 studia.
850 1138 1057 1199 concedimus
1069 1129 1195 1217 elmo-

94 1249 225 1307 slttreum
254 1246 392 1321 aliosque
421 1244 569 1305 ccclesiae
592 1248 731 1307 Graecae
751 1252 828 1307 tunc
859 1250 1007 1327 temporis
1027 1249 1199 1329 principer·

96 1366 184 1419 arcta
210 1356 307 1417 luisse
335 1374 404 1414 cum
428 1355 548 1415 Gallico
578 1358 681 1437 legato
702 1362 735 1419 et
763 1357 830 1418 aliis
859 1377 988 1439 alapae
1018 1329 1235 1439 petrafoci-2¹

93 1470 250 1551 dignitatis
271 1468 353 1541 siris,
370 1465 541 1526 Rornanarn
562 1468 653 1527 tidem
675 1463 876 1545 scematibus,
889 1470 1098 1531 familiaritate
1114 1469 1195 1555 aaff'·
1223 1424 1235 1559 l

90 1580 228 1661 jurantes,
251 1597 381 1655 quorum
404 1578 537 1651 tortasse
566 1580 749 1639 auctoritate
770 1589 803 1639 ct
823 1577 892 1657 ipsa
913 1579 1050 1655 synodus
1072 1576 1193 1641 coara-
1229 1569 1235 1614 ·’

93 1698 163 1755 cata
185 1694 243 1754 oct.
286 1690 350 1751 lt'ee
372 1708 445 1750 vcro
466 1689 489 1749 a
508 1690 582 1751 mihi
605 1689 748 1751 ridentur
768 1691 875 1765 tuisse,
890 1692 954 1767 qui,
970 1694 1008 1749 ut
1027 1690 1195 1751 Romano-

93 1824 162 1865 rum
182 1804 324 1881 plausum
353 1804 565 1877 reportarent,
588 1800 628 1861 da
647 1815 723 1860 auae
746 1801 905 1874 eeclesiae,
928 1800 1061 1879 placitis·
1075 1801 1206 1863 nedum*
1223 1813 1231 1874 J

94 1916 133 1973 da
155 1915 223 1992 ujus
245 1912 444 1971 fundamento
473 1911 638 1986 quidquam
672 1908 790 1969 detrahi
816 1914 1008 1989 paterentur.
1053 1893 1229 1988 laimurq'jss'·

95 2022 275 2086 ltoiitliennr
289 2023 389 2099 ipsam
411 2038 474 2079 aon
489 2019 612 2097 quidem
633 2024 743 2079 contra
757 2022 914 2081 llcmanos
930 2022 1113 2101 scripsissc3
1136 2021 1235 2094 adda:

93 2142 197 2197 tamen
213 2134 402 2193 Graecarum
418 2132 602 2208 scriptorum
622 2130 835 2192 collectionem
852 2134 1032 2207 instituisse,
1054 2116 1235 2207 quilla-*s

94 2264 204 2309 manae
233 2242 383 2303 ecclesiae
404 2240 547 2320 dogrrrata
570 2241 733 2317 aliquando
761 2242 861 2303 adorti
881 2243 1009 2319 sunu).
1052 2244 1193 2303 Dimica-

93 2362 168 2419 ruat
187 2354 310 2433 quidem
325 2356 435 2429 ,patres
457 2351 566 2425 syrsadi
580 2353 878 2427 Hierosolymitanae
900 2356 1009 2412 ceastre
1025 2352 1198 2430 Retouina-¹

94 2474 144 2529 tos
165 2466 373 2545 potissimum,
402 2462 628 2521 cosdroae-raian
660 2482 731 2525 curn
760 2465 908 2521 Rauracis
938 2464 987 2523 rel
1015 2464 1192 2523 obticeutes

94 2576 143 2639 uel
165 2578 204 2637 als
228 2578 265 2633 iis
287 2574 493 2649 discrepantia
521 2572 665 2653 dogmata
686 2574 726 2634 ad
747 2592 899 2633 sunrmum
924 2574 1036 2633 leniter
1056 2578 1216 2652 tangam·-¹

96 2694 161 2759 tcs;
183 2684 239 2745 aod
260 2687 366 2744 tenere
389 2684 534 2741 arsennaria
556 2684 713 2759 debemus,
735 2703 788 2746 eas
809 2684 862 2743 illa
885 2684 924 2742 de
947 2703 1058 2743 caussa
1077 2702 1194 2744 conces

97 2801 197 2872 nisce3
218 2796 319 2872 utrque
341 2796 379 2853 iis
394 2794 452 2853 lroc
469 2796 629 2855 consilium
652 2800 778 2855 strenue
799 2814 838 2855 aa
852 2796 974 2854 fortiter
990 2794 1080 2853 simul
1099 2796 1192 2853 etiam

95 2913 186 2971 docte
205 2910 359 2987 patratum
380 2906 486 2979 luisse,
509 2926 549 2965 ne
569 2910 708 2965 nastrum
731 2906 854 2982 quidem
876 2907 1038 2981 qaisquam
1068 2909 1115 2965 est
1138 2906 1189 2980 spui

94 3022 253 3099 perneget.
295 3015 500 3095 Impugnandi
523 3020 555 3075 et
577 3018 759 3096 proiligrrndi
781 3021 879 3091 erant,
895 3019 1076 3093 quibuscum
1096 3016 1182 3074 nlter·

96 3132 177 3191 catio
200 3130 276 3206 luit3
299 3128 376 3187 alios
399 3128 606 3202 adversarius,
637 3128 711 3203 quid
732 3130 925 3188 raucessitntis
943 3128 1012 3200 init,
1035 3130 1121 3184 saeris
1145 3128 1189 3183 in-

96 3240 289 3301 cursionibus
311 3238 452 3296 consulto
474 3238 657 3297 lacesseret
688 3239 794 3315 Neque
824 3240 943 3314 spieran'
966 3243 1091 3314 poterat
1114 3238 1188 3299 lore.

96 3356 132 3411 ut
148 3350 337 3411 Graecorum
353 3348 485 3407 ecclesia
507 3348 546 3407 ad
562 3350 816 3425 tranquillitatem
831 3368 866 3407 ar.
889 3368 995 3426 [triceni
1015 3351 1101 3425 prius
1119 3368 1188 3424 pus·

97 3464 137 3523 cit
156 3460 275 3535 redire,
305 3478 395 3535 quarn
418 3458 612 3519 Calrinianac
644 3461 801 3519 doctrinae
825 3461 947 3519 ultimae
970 3461 1118 3535 reliquiae
1142 3479 1188 3517 rs-

96 3578 165 3632 sent
186 3572 316 3633 deletae.
361 3568 441 3646 Quid
470 3568 564 3648 igitur
589 3573 816 3649 vituperemus,
847 3572 960 3629 acriter
982 3572 1011 3627 in
1041 3572 1121 3629 lianc
1144 3574 1187 3627 la·

96 3686 229 3743 ctionem
251 3700 319 3741 esso
340 3680 533 3757 pugnaturn?
554 3680 661 3772 licque
682 3684 721 3742 dc
744 3682 829 3741 libris
845 3682 1040 3757 apocryphis,
1064 3684 1093 3740 in
1114 3684 1187 3739 stri-

95 3798 205 3871 pturae
227 3812 334 3853 sacrae
353 3808 466 3867 eorpus
481 3792 626 3869 receptis,
641 3794 771 3873 arrrbigo,
787 3796 823 3851 ut
836 3794 1057 3851 Tasrlsirnmus
1071 3794 1115 3865 ⁴²),
1138 3796 1187 3865 qni

163 4038 192 4103 t)
211 4032 265 4087 tllr.
282 4033 393 4087 Fabricii
411 4030 541 4088 llilsliotlr.
559 4030 653 4087 Graec.
674 4033 719 4089 Xl.
738 4052 764 4105 p·
780 4038 841 4092 452·

161 4138 190 4205 2)
209 4136 237 4191 ln
250 4135 495 4195 Salaroeclrlriitriot.
509 4136 675 4211 campesi
689 4136 797 4195 aelurus.
808 4138 961 4195 continuata
970 4134 1100 4192 'lorrnlx
1109 4154 1134 4207 p.
1146 4150 1186 4192 aa.
