<?xml version="1.0" encoding="UTF-8"?>
<!DOCTYPE html PUBLIC "-//W3C//DTD XHTML 1.0 Transitional//EN"
    "http://www.w3.org/TR/xhtml1/DTD/xhtml1-transitional.dtd">
<html xmlns="http://www.w3.org/1999/xhtml" xml:lang="en" lang="en">
 <head>
  <title>
</title>
<meta http-equiv="Content-Type" content="text/html;charset=utf-8" />
  <meta name='ocr-system' content='tesseract 3.04.00' />
  <meta name='ocr-capabilities' content='ocr_page ocr_carea ocr_par ocr_line ocrx_word'/>
</head>
<body>
  <div class='ocr_page' id='page_1' title='image "./monumentafideie00kimmgoog/monumentafideie00kimmgoog_0030.png"; bbox 0 0 2596 4710; ppageno 0'>
   <div class='ocr_carea' id='block_1_1' title="bbox 91 281 805 383">
    <p class='ocr_par' dir='ltr' id='par_1_1' title="bbox 91 281 805 383">
     <span class='ocr_line' id='line_1_1' title="bbox 91 281 805 383; baseline -0.014 -24"><span class='ocrx_word' id='word_1_1' title='bbox 91 311 196 383; x_wconf 78' lang='lat' dir='ltr'><strong>xvur</strong></span> <span class='ocrx_word' id='word_1_2' title='bbox 476 281 805 373; x_wconf 74' lang='lat' dir='ltr'><strong>Prolegomena.</strong></span> 
     </span>
    </p>
   </div>
   <div class='ocr_carea' id='block_1_2' title="bbox 26 462 1190 3765">
    <p class='ocr_par' dir='ltr' id='par_1_2' title="bbox 26 462 1190 3765">
     <span class='ocr_line' id='line_1_2' title="bbox 95 462 1187 548; baseline -0.01 -13"><span class='ocrx_word' id='word_1_3' title='bbox 95 475 208 535; x_wconf 84' lang='lat' dir='ltr'><strong>abiisse</strong></span> <span class='ocrx_word' id='word_1_4' title='bbox 229 469 384 548; x_wconf 88' lang='lat' dir='ltr'><strong>putandus</strong></span> <span class='ocrx_word' id='word_1_5' title='bbox 414 472 469 527; x_wconf 79' lang='lat' dir='ltr'><strong>est</strong></span> <span class='ocrx_word' id='word_1_6' title='bbox 514 467 561 527; x_wconf 79' lang='lat' dir='ltr'><strong>Ae</strong></span> <span class='ocrx_word' id='word_1_7' title='bbox 584 467 701 543; x_wconf 84' lang='lat' dir='ltr'><strong>siquis</strong></span> <span class='ocrx_word' id='word_1_8' title='bbox 731 483 768 526; x_wconf 86' lang='lat' dir='ltr'><strong>ex</strong></span> <span class='ocrx_word' id='word_1_9' title='bbox 796 483 833 524; x_wconf 89' lang='lat' dir='ltr'><strong>ea</strong></span> <span class='ocrx_word' id='word_1_10' title='bbox 855 480 1005 541; x_wconf 77' lang='lat' dir='ltr'><strong>quaerere</strong></span> <span class='ocrx_word' id='word_1_11' title='bbox 1024 462 1187 538; x_wconf 77' lang='lat' dir='ltr'><strong>voluisset,</strong></span> 
     </span>
     <span class='ocr_line' id='line_1_3' title="bbox 95 548 1188 663; baseline -0.011 -18"><span class='ocrx_word' id='word_1_12' title='bbox 95 580 169 663; x_wconf 80' lang='lat' dir='ltr'><strong>qnid</strong></span> <span class='ocrx_word' id='word_1_13' title='bbox 204 583 271 660; x_wconf 87' lang='lat' dir='ltr'><strong>ipse</strong></span> <span class='ocrx_word' id='word_1_14' title='bbox 307 580 346 641; x_wconf 89' lang='lat' dir='ltr'><strong>de</strong></span> <span class='ocrx_word' id='word_1_15' title='bbox 382 579 431 639; x_wconf 80' lang='lat' dir='ltr'><strong>his</strong></span> <span class='ocrx_word' id='word_1_16' title='bbox 466 577 586 650; x_wconf 81' lang='lat' dir='ltr'><strong>verbis,</strong></span> <span class='ocrx_word' id='word_1_17' title='bbox 626 577 737 654; x_wconf 87' lang='lat' dir='ltr'><strong>quibus</strong></span> <span class='ocrx_word' id='word_1_18' title='bbox 766 592 871 635; x_wconf 86' lang='lat' dir='ltr'><strong>secum</strong></span> <span class='ocrx_word' id='word_1_19' title='bbox 911 548 1051 652; x_wconf 68' lang='lat' dir='ltr'><strong>pugnare</strong></span> <span class='ocrx_word' id='word_1_20' title='bbox 1083 573 1188 633; x_wconf 82' lang='lat' dir='ltr'><strong>ridea-</strong></span> 
     </span>
     <span class='ocr_line' id='line_1_4' title="bbox 94 685 1188 769; baseline -0.009 -15"><span class='ocrx_word' id='word_1_21' title='bbox 94 698 167 769; x_wconf 85' lang='lat' dir='ltr'><strong>tur,</strong></span> <span class='ocrx_word' id='word_1_22' title='bbox 189 691 336 769; x_wconf 80' lang='lat' dir='ltr'><strong>sentiret3</strong></span> <span class='ocrx_word' id='word_1_23' title='bbox 366 689 450 750; x_wconf 85' lang='lat' dir='ltr'><strong>haud</strong></span> <span class='ocrx_word' id='word_1_24' title='bbox 477 687 611 749; x_wconf 77' lang='lat' dir='ltr'><strong>erbitror</strong></span> <span class='ocrx_word' id='word_1_25' title='bbox 640 703 710 746; x_wconf 88' lang='lat' dir='ltr'><strong>eum</strong></span> <span class='ocrx_word' id='word_1_26' title='bbox 738 686 801 745; x_wconf 86' lang='lat' dir='ltr'><strong>alia</strong></span> <span class='ocrx_word' id='word_1_27' title='bbox 828 702 1050 762; x_wconf 85' lang='lat' dir='ltr'><strong>responsurum</strong></span> <span class='ocrx_word' id='word_1_28' title='bbox 1079 685 1188 758; x_wconf 80' lang='lat' dir='ltr'><strong>tuisse,</strong></span> 
     </span>
     <span class='ocr_line' id='line_1_5' title="bbox 96 793 1187 883; baseline -0.008 -20"><span class='ocrx_word' id='word_1_29' title='bbox 96 823 187 883; x_wconf 83' lang='lat' dir='ltr'><strong>quum</strong></span> <span class='ocrx_word' id='word_1_30' title='bbox 210 801 319 879; x_wconf 86' lang='lat' dir='ltr'><strong>quibus</strong></span> <span class='ocrx_word' id='word_1_31' title='bbox 341 801 373 861; x_wconf 90' lang='lat' dir='ltr'><strong>in</strong></span> <span class='ocrx_word' id='word_1_32' title='bbox 397 799 475 859; x_wconf 87' lang='lat' dir='ltr'><strong>libro</strong></span> <span class='ocrx_word' id='word_1_33' title='bbox 502 816 560 875; x_wconf 90' lang='lat' dir='ltr'><strong>pro</strong></span> <span class='ocrx_word' id='word_1_34' title='bbox 590 793 951 858; x_wconf 68' lang='lat' dir='ltr'><strong>consumerentur.</strong></span> <span class='ocrx_word' id='word_1_35' title='bbox 974 796 1004 854; x_wconf 91' lang='lat' dir='ltr'><strong>in</strong></span> <span class='ocrx_word' id='word_1_36' title='bbox 1035 796 1187 863; x_wconf 76' lang='lat' dir='ltr'><strong>resimil-</strong></span> 
     </span>
     <span class='ocr_line' id='line_1_6' title="bbox 96 904 1189 989; baseline -0.011 -14"><span class='ocrx_word' id='word_1_37' title='bbox 96 913 169 975; x_wconf 83' lang='lat' dir='ltr'><strong>linra</strong></span> <span class='ocrx_word' id='word_1_38' title='bbox 197 932 230 972; x_wconf 91' lang='lat' dir='ltr'><strong>se</strong></span> <span class='ocrx_word' id='word_1_39' title='bbox 260 910 420 988; x_wconf 77' lang='lat' dir='ltr'><strong>expedivit.</strong></span> <span class='ocrx_word' id='word_1_40' title='bbox 463 909 600 989; x_wconf 76' lang='lat' dir='ltr'><strong>Cpriltuo</strong></span> <span class='ocrx_word' id='word_1_41' title='bbox 627 908 674 971; x_wconf 84' lang='lat' dir='ltr'><strong>M.</strong></span> <span class='ocrx_word' id='word_1_42' title='bbox 704 909 737 967; x_wconf 90' lang='lat' dir='ltr'><strong>in</strong></span> <span class='ocrx_word' id='word_1_43' title='bbox 762 907 877 968; x_wconf 76' lang='lat' dir='ltr'><strong>ioann-</strong></span> <span class='ocrx_word' id='word_1_44' title='bbox 895 904 976 966; x_wconf 76' lang='lat' dir='ltr'><strong>xlv.</strong></span> <span class='ocrx_word' id='word_1_45' title='bbox 1009 905 1057 964; x_wconf 86' lang='lat' dir='ltr'><strong>his</strong></span> <span class='ocrx_word' id='word_1_46' title='bbox 1085 906 1189 964; x_wconf 78' lang='lat' dir='ltr'><strong>verbis</strong></span> 
     </span>
     <span class='ocr_line' id='line_1_7' title="bbox 97 1016 1190 1102; baseline -0.006 -19"><span class='ocrx_word' id='word_1_47' title='bbox 97 1043 191 1102; x_wconf 85' lang='lat' dir='ltr'><strong>quum</strong></span> <span class='ocrx_word' id='word_1_48' title='bbox 211 1040 286 1082; x_wconf 83' lang='lat' dir='ltr'><strong>usus</strong></span> <span class='ocrx_word' id='word_1_49' title='bbox 310 1025 409 1081; x_wconf 77' lang='lat' dir='ltr'><strong>esset:</strong></span> <span class='ocrx_word' id='word_1_50' title='bbox 442 1039 485 1078; x_wconf 72' lang='lat' dir='ltr'><strong>ee</strong></span> <span class='ocrx_word' id='word_1_51' title='bbox 506 1020 613 1081; x_wconf 75' lang='lat' dir='ltr'><strong>di‘oim</strong></span> <span class='ocrx_word' id='word_1_52' title='bbox 634 1020 776 1082; x_wconf 77' lang='lat' dir='ltr'><strong>essentie</strong></span> <span class='ocrx_word' id='word_1_53' title='bbox 799 1016 944 1096; x_wconf 76' lang='lat' dir='ltr'><strong>profluit,</strong></span> <span class='ocrx_word' id='word_1_54' title='bbox 972 1017 1057 1093; x_wconf 78' lang='lat' dir='ltr'><strong>qood</strong></span> <span class='ocrx_word' id='word_1_55' title='bbox 1083 1035 1126 1074; x_wconf 72' lang='lat' dir='ltr'><strong>ex</strong></span> <span class='ocrx_word' id='word_1_56' title='bbox 1149 1036 1190 1076; x_wconf 84' lang='lat' dir='ltr'><strong>ea</strong></span> 
     </span>
     <span class='ocr_line' id='line_1_8' title="bbox 94 1125 1187 1211; baseline -0.009 -17"><span class='ocrx_word' id='word_1_57' title='bbox 94 1135 255 1211; x_wconf 80' lang='lat' dir='ltr'><strong>procedit3</strong></span> <span class='ocrx_word' id='word_1_58' title='bbox 285 1132 395 1208; x_wconf 86' lang='lat' dir='ltr'><strong>quibus</strong></span> <span class='ocrx_word' id='word_1_59' title='bbox 424 1131 551 1207; x_wconf 85' lang='lat' dir='ltr'><strong>spiritns</strong></span> <span class='ocrx_word' id='word_1_60' title='bbox 582 1132 682 1189; x_wconf 76' lang='lat' dir='ltr'><strong>saneti</strong></span> <span class='ocrx_word' id='word_1_61' title='bbox 703 1128 861 1207; x_wconf 78' lang='lat' dir='ltr'><strong>processio</strong></span> <span class='ocrx_word' id='word_1_62' title='bbox 884 1126 924 1186; x_wconf 83' lang='lat' dir='ltr'><strong>ad</strong></span> <span class='ocrx_word' id='word_1_63' title='bbox 944 1125 1044 1185; x_wconf 90' lang='lat' dir='ltr'><strong>solnm</strong></span> <span class='ocrx_word' id='word_1_64' title='bbox 1065 1130 1187 1202; x_wconf 86' lang='lat' dir='ltr'><strong>patrem</strong></span> 
     </span>
     <span class='ocr_line' id='line_1_9' title="bbox 96 1236 1187 1321; baseline -0.009 -16"><span class='ocrx_word' id='word_1_65' title='bbox 96 1244 204 1304; x_wconf 78' lang='lat' dir='ltr'><strong>reterri</strong></span> <span class='ocrx_word' id='word_1_66' title='bbox 226 1243 363 1321; x_wconf 81' lang='lat' dir='ltr'><strong>videtur3</strong></span> <span class='ocrx_word' id='word_1_67' title='bbox 387 1239 565 1301; x_wconf 75' lang='lat' dir='ltr'><strong>Gennadius</strong></span> <span class='ocrx_word' id='word_1_68' title='bbox 589 1260 650 1300; x_wconf 90' lang='lat' dir='ltr'><strong>nen</strong></span> <span class='ocrx_word' id='word_1_69' title='bbox 675 1240 822 1299; x_wconf 74' lang='lat' dir='ltr'><strong>dubitarit</strong></span> <span class='ocrx_word' id='word_1_70' title='bbox 850 1237 897 1296; x_wconf 89' lang='lat' dir='ltr'><strong>his</strong></span> <span class='ocrx_word' id='word_1_71' title='bbox 920 1255 1077 1313; x_wconf 89' lang='lat' dir='ltr'><strong>opponere</strong></span> <span class='ocrx_word' id='word_1_72' title='bbox 1099 1236 1187 1311; x_wconf 87' lang='lat' dir='ltr'><strong>illud,</strong></span> 
     </span>
     <span class='ocr_line' id='line_1_10' title="bbox 96 1349 1187 1429; baseline -0.01 -13"><span class='ocrx_word' id='word_1_73' title='bbox 96 1376 116 1415; x_wconf 88' lang='lat' dir='ltr'><strong>a</strong></span> <span class='ocrx_word' id='word_1_74' title='bbox 136 1352 204 1416; x_wconf 84' lang='lat' dir='ltr'><strong>Deo</strong></span> <span class='ocrx_word' id='word_1_75' title='bbox 227 1371 297 1412; x_wconf 88' lang='lat' dir='ltr'><strong>cnm</strong></span> <span class='ocrx_word' id='word_1_76' title='bbox 318 1351 381 1412; x_wconf 86' lang='lat' dir='ltr'><strong>iilia</strong></span> <span class='ocrx_word' id='word_1_77' title='bbox 410 1368 516 1410; x_wconf 86' lang='lat' dir='ltr'><strong>ornnes</strong></span> <span class='ocrx_word' id='word_1_78' title='bbox 549 1352 597 1410; x_wconf 87' lang='lat' dir='ltr'><strong>sui</strong></span> <span class='ocrx_word' id='word_1_79' title='bbox 626 1353 768 1429; x_wconf 87' lang='lat' dir='ltr'><strong>proprias</strong></span> <span class='ocrx_word' id='word_1_80' title='bbox 798 1351 927 1411; x_wconf 82' lang='lat' dir='ltr'><strong>virtutes</strong></span> <span class='ocrx_word' id='word_1_81' title='bbox 956 1349 1187 1422; x_wconf 73' lang='lat' dir='ltr'><strong>communicari,</strong></span> 
     </span>
     <span class='ocr_line' id='line_1_11' title="bbox 96 1460 1188 1540; baseline -0.008 -15"><span class='ocrx_word' id='word_1_82' title='bbox 96 1484 159 1526; x_wconf 91' lang='lat' dir='ltr'><strong>non</strong></span> <span class='ocrx_word' id='word_1_83' title='bbox 180 1465 349 1540; x_wconf 75' lang='lat' dir='ltr'><strong>improprie</strong></span> <span class='ocrx_word' id='word_1_84' title='bbox 378 1463 439 1523; x_wconf 85' lang='lat' dir='ltr'><strong>sed</strong></span> <span class='ocrx_word' id='word_1_85' title='bbox 465 1464 654 1523; x_wconf 71' lang='lat' dir='ltr'><strong>naturaliter</strong></span> <span class='ocrx_word' id='word_1_86' title='bbox 683 1469 716 1521; x_wconf 87' lang='lat' dir='ltr'><strong>et</strong></span> <span class='ocrx_word' id='word_1_87' title='bbox 737 1461 968 1535; x_wconf 79' lang='lat' dir='ltr'><strong>essentialiter3</strong></span> <span class='ocrx_word' id='word_1_88' title='bbox 997 1476 1071 1538; x_wconf 85' lang='lat' dir='ltr'><strong>ergo</strong></span> <span class='ocrx_word' id='word_1_89' title='bbox 1093 1460 1188 1519; x_wconf 85' lang='lat' dir='ltr'><strong>etiam</strong></span> 
     </span>
     <span class='ocr_line' id='line_1_12' title="bbox 96 1569 1187 1651; baseline -0.01 -14"><span class='ocrx_word' id='word_1_90' title='bbox 96 1576 278 1649; x_wconf 76' lang='lat' dir='ltr'><strong>ilianum,</strong></span> <span class='ocrx_word' id='word_1_91' title='bbox 308 1592 370 1650; x_wconf 89' lang='lat' dir='ltr'><strong>qna</strong></span> <span class='ocrx_word' id='word_1_92' title='bbox 398 1573 571 1651; x_wconf 84' lang='lat' dir='ltr'><strong>spirituas.</strong></span> <span class='ocrx_word' id='word_1_93' title='bbox 595 1593 631 1633; x_wconf 88' lang='lat' dir='ltr'><strong>ex</strong></span> <span class='ocrx_word' id='word_1_94' title='bbox 661 1575 730 1650; x_wconf 90' lang='lat' dir='ltr'><strong>ipso</strong></span> <span class='ocrx_word' id='word_1_95' title='bbox 758 1569 981 1651; x_wconf 76' lang='lat' dir='ltr'><strong>progredietur.</strong></span> <span class='ocrx_word' id='word_1_96' title='bbox 1026 1570 1095 1644; x_wconf 77' lang='lat' dir='ltr'><strong>Quo</strong></span> <span class='ocrx_word' id='word_1_97' title='bbox 1118 1570 1187 1646; x_wconf 86' lang='lat' dir='ltr'><strong>qui-</strong></span> 
     </span>
     <span class='ocr_line' id='line_1_13' title="bbox 96 1679 1188 1758; baseline -0.009 -10"><span class='ocrx_word' id='word_1_98' title='bbox 96 1686 167 1748; x_wconf 85' lang='lat' dir='ltr'><strong>dem</strong></span> <span class='ocrx_word' id='word_1_99' title='bbox 189 1701 337 1745; x_wconf 84' lang='lat' dir='ltr'><strong>concesso</strong></span> <span class='ocrx_word' id='word_1_100' title='bbox 358 1682 477 1745; x_wconf 87' lang='lat' dir='ltr'><strong>illibata</strong></span> <span class='ocrx_word' id='word_1_101' title='bbox 498 1684 557 1744; x_wconf 88' lang='lat' dir='ltr'><strong>erit</strong></span> <span class='ocrx_word' id='word_1_102' title='bbox 578 1682 730 1745; x_wconf 77' lang='lat' dir='ltr'><strong>Gennadii</strong></span> <span class='ocrx_word' id='word_1_103' title='bbox 750 1682 838 1758; x_wconf 84' lang='lat' dir='ltr'><strong>fides,</strong></span> <span class='ocrx_word' id='word_1_104' title='bbox 862 1698 921 1742; x_wconf 89' lang='lat' dir='ltr'><strong>nec</strong></span> <span class='ocrx_word' id='word_1_105' title='bbox 942 1679 1067 1741; x_wconf 81' lang='lat' dir='ltr'><strong>debebit</strong></span> <span class='ocrx_word' id='word_1_106' title='bbox 1087 1680 1188 1739; x_wconf 80' lang='lat' dir='ltr'><strong>ubivis</strong></span> 
     </span>
     <span class='ocr_line' id='line_1_14' title="bbox 26 1791 1187 1874; baseline -0.007 -17"><span class='ocrx_word' id='word_1_107' title='bbox 26 1806 30 1814; x_wconf 86' lang='lat'><em>&#39;</em></span> <span class='ocrx_word' id='word_1_108' title='bbox 95 1796 245 1870; x_wconf 87' lang='lat' dir='ltr'><strong>iocorum,</strong></span> <span class='ocrx_word' id='word_1_109' title='bbox 268 1796 451 1855; x_wconf 78' lang='lat' dir='ltr'><strong>necessitate</strong></span> <span class='ocrx_word' id='word_1_110' title='bbox 470 1798 601 1874; x_wconf 83' lang='lat' dir='ltr'><strong>urgente</strong></span> <span class='ocrx_word' id='word_1_111' title='bbox 623 1794 719 1869; x_wconf 90' lang='lat' dir='ltr'><strong>nulla,</strong></span> <span class='ocrx_word' id='word_1_112' title='bbox 740 1792 790 1857; x_wconf 81' lang='lat' dir='ltr'><strong>ret</strong></span> <span class='ocrx_word' id='word_1_113' title='bbox 811 1812 851 1853; x_wconf 92' lang='lat' dir='ltr'><strong>ne</strong></span> <span class='ocrx_word' id='word_1_114' title='bbox 868 1791 1098 1869; x_wconf 75' lang='lat' dir='ltr'><strong>opportunitate</strong></span> <span class='ocrx_word' id='word_1_115' title='bbox 1119 1791 1187 1867; x_wconf 91' lang='lat' dir='ltr'><strong>qui·</strong></span> 
     </span>
     <span class='ocr_line' id='line_1_15' title="bbox 95 1902 1188 1987; baseline -0.003 -24"><span class='ocrx_word' id='word_1_116' title='bbox 95 1905 166 1987; x_wconf 67' lang='lat' dir='ltr'><strong>deun</strong></span> <span class='ocrx_word' id='word_1_117' title='bbox 189 1905 278 1978; x_wconf 86' lang='lat' dir='ltr'><strong>data,</strong></span> <span class='ocrx_word' id='word_1_118' title='bbox 311 1905 410 1981; x_wconf 86' lang='lat' dir='ltr'><strong>patris</strong></span> <span class='ocrx_word' id='word_1_119' title='bbox 437 1905 553 1985; x_wconf 74' lang='lat' dir='ltr'><strong>nomini</strong></span> <span class='ocrx_word' id='word_1_120' title='bbox 582 1904 696 1967; x_wconf 72' lang='lat' dir='ltr'><strong>addere</strong></span> <span class='ocrx_word' id='word_1_121' title='bbox 725 1902 841 1980; x_wconf 84' lang='lat' dir='ltr'><strong>tilium,</strong></span> <span class='ocrx_word' id='word_1_122' title='bbox 873 1920 966 1979; x_wconf 88' lang='lat' dir='ltr'><strong>quum</strong></span> <span class='ocrx_word' id='word_1_123' title='bbox 988 1903 1098 1962; x_wconf 83' lang='lat' dir='ltr'><strong>neuter</strong></span> <span class='ocrx_word' id='word_1_124' title='bbox 1120 1903 1188 1961; x_wconf 86' lang='lat' dir='ltr'><strong>sina</strong></span> 
     </span>
     <span class='ocr_line' id='line_1_16' title="bbox 96 2009 1187 2088; baseline -0.004 -11"><span class='ocrx_word' id='word_1_125' title='bbox 96 2013 193 2075; x_wconf 76' lang='lat' dir='ltr'><strong>altero</strong></span> <span class='ocrx_word' id='word_1_126' title='bbox 214 2014 254 2071; x_wconf 82' lang='lat' dir='ltr'><strong>sit</strong></span> <span class='ocrx_word' id='word_1_127' title='bbox 271 2010 315 2088; x_wconf 81' lang='lat'><strong>²).</strong></span> <span class='ocrx_word' id='word_1_128' title='bbox 328 2044 370 2057; x_wconf 88' lang='lat'><em>-</em></span> <span class='ocrx_word' id='word_1_129' title='bbox 392 2013 431 2077; x_wconf 78' lang='lat' dir='ltr'><strong>ln</strong></span> <span class='ocrx_word' id='word_1_130' title='bbox 457 2010 585 2079; x_wconf 78' lang='lat' dir='ltr'><strong>alterins</strong></span> <span class='ocrx_word' id='word_1_131' title='bbox 614 2014 816 2081; x_wconf 75' lang='lat' dir='ltr'><strong>confessionis</strong></span> <span class='ocrx_word' id='word_1_132' title='bbox 844 2011 934 2088; x_wconf 88' lang='lat' dir='ltr'><strong>loco,</strong></span> <span class='ocrx_word' id='word_1_133' title='bbox 964 2011 1018 2071; x_wconf 85' lang='lat' dir='ltr'><strong>nbi</strong></span> <span class='ocrx_word' id='word_1_134' title='bbox 1046 2009 1187 2073; x_wconf 79' lang='lat' dir='ltr'><strong>eamdam</strong></span> 
     </span>
     <span class='ocr_line' id='line_1_17' title="bbox 94 2121 1187 2202; baseline -0.001 -18"><span class='ocrx_word' id='word_1_135' title='bbox 94 2143 161 2184; x_wconf 92' lang='lat' dir='ltr'><strong>rexn</strong></span> <span class='ocrx_word' id='word_1_136' title='bbox 182 2121 341 2199; x_wconf 80' lang='lat' dir='ltr'><strong>disquirit,</strong></span> <span class='ocrx_word' id='word_1_137' title='bbox 371 2123 484 2184; x_wconf 85' lang='lat' dir='ltr'><strong>clarius</strong></span> <span class='ocrx_word' id='word_1_138' title='bbox 506 2128 539 2185; x_wconf 87' lang='lat' dir='ltr'><strong>et</strong></span> <span class='ocrx_word' id='word_1_139' title='bbox 561 2126 752 2202; x_wconf 84' lang='lat' dir='ltr'><strong>distinctius,</strong></span> <span class='ocrx_word' id='word_1_140' title='bbox 782 2124 834 2185; x_wconf 78' lang='lat' dir='ltr'><strong>vel</strong></span> <span class='ocrx_word' id='word_1_141' title='bbox 863 2125 888 2185; x_wconf 89' lang='lat' dir='ltr'><strong>si</strong></span> <span class='ocrx_word' id='word_1_142' title='bbox 917 2124 1031 2198; x_wconf 78' lang='lat' dir='ltr'><strong>marie,</strong></span> <span class='ocrx_word' id='word_1_143' title='bbox 1064 2124 1187 2183; x_wconf 84' lang='lat' dir='ltr'><strong>cantius</strong></span> 
     </span>
     <span class='ocr_line' id='line_1_18' title="bbox 95 2233 1190 2317; baseline 0 -23"><span class='ocrx_word' id='word_1_144' title='bbox 95 2234 189 2308; x_wconf 87' lang='lat' dir='ltr'><strong>dixit;</strong></span> <span class='ocrx_word' id='word_1_145' title='bbox 217 2233 387 2295; x_wconf 83' lang='lat' dir='ltr'><strong>rectissime</strong></span> <span class='ocrx_word' id='word_1_146' title='bbox 416 2234 462 2312; x_wconf 87' lang='lat' dir='ltr'><strong>(p.</strong></span> <span class='ocrx_word' id='word_1_147' title='bbox 482 2234 548 2315; x_wconf 81' lang='lat'><strong>13.)</strong></span> <span class='ocrx_word' id='word_1_148' title='bbox 570 2241 604 2299; x_wconf 88' lang='lat' dir='ltr'><strong>et</strong></span> <span class='ocrx_word' id='word_1_149' title='bbox 623 2238 773 2299; x_wconf 85' lang='lat' dir='ltr'><strong>ecelesiae</strong></span> <span class='ocrx_word' id='word_1_150' title='bbox 792 2254 940 2317; x_wconf 78' lang='lat' dir='ltr'><strong>graecae,</strong></span> <span class='ocrx_word' id='word_1_151' title='bbox 976 2252 1057 2312; x_wconf 85' lang='lat' dir='ltr'><strong>qnae</strong></span> <span class='ocrx_word' id='word_1_152' title='bbox 1077 2250 1190 2312; x_wconf 82' lang='lat' dir='ltr'><strong>perso·</strong></span> 
     </span>
     <span class='ocr_line' id='line_1_19' title="bbox 34 2344 1187 2422; baseline -0.001 -17"><span class='ocrx_word' id='word_1_153' title='bbox 34 2380 37 2390; x_wconf 88' lang='lat'><em>·</em></span> <span class='ocrx_word' id='word_1_154' title='bbox 93 2362 204 2405; x_wconf 87' lang='lat' dir='ltr'><strong>narum</strong></span> <span class='ocrx_word' id='word_1_155' title='bbox 227 2361 348 2421; x_wconf 86' lang='lat' dir='ltr'><strong>semper</strong></span> <span class='ocrx_word' id='word_1_156' title='bbox 371 2363 465 2405; x_wconf 88' lang='lat' dir='ltr'><strong>unam</strong></span> <span class='ocrx_word' id='word_1_157' title='bbox 486 2344 578 2417; x_wconf 73' lang='grc' dir='ltr'><em>πήγην</em></span> <span class='ocrx_word' id='word_1_158' title='bbox 599 2352 630 2407; x_wconf 89' lang='lat' dir='ltr'><strong>et</strong></span> <span class='ocrx_word' id='word_1_159' title='bbox 653 2345 741 2420; x_wconf 62' lang='lat' dir='ltr'><strong>&amp;ezir</strong></span> <span class='ocrx_word' id='word_1_160' title='bbox 761 2366 830 2409; x_wconf 85' lang='lat' dir='ltr'><strong>esse</strong></span> <span class='ocrx_word' id='word_1_161' title='bbox 857 2346 983 2422; x_wconf 85' lang='lat' dir='ltr'><strong>statuit,</strong></span> <span class='ocrx_word' id='word_1_162' title='bbox 1012 2362 1187 2407; x_wconf 79' lang='lat' dir='ltr'><strong>accommo-</strong></span> 
     </span>
     <span class='ocr_line' id='line_1_20' title="bbox 95 2434 1187 2535; baseline -0.005 -15"><span class='ocrx_word' id='word_1_163' title='bbox 95 2434 168 2516; x_wconf 76' lang='lat' dir='ltr'><strong>dato</strong></span> <span class='ocrx_word' id='word_1_164' title='bbox 195 2460 226 2520; x_wconf 80' lang='lat' dir='ltr'><strong>is</strong></span> <span class='ocrx_word' id='word_1_165' title='bbox 248 2466 299 2534; x_wconf 73' lang='grc' dir='ltr'><strong>τῆς</strong></span> <span class='ocrx_word' id='word_1_166' title='bbox 328 2464 473 2535; x_wconf 75' lang='grc' dir='ltr'><strong><em>φύσεως</em></strong></span> <span class='ocrx_word' id='word_1_167' title='bbox 503 2466 554 2519; x_wconf 79' lang='grc' dir='ltr'><strong>τοῦ</strong></span> <span class='ocrx_word' id='word_1_168' title='bbox 586 2468 658 2522; x_wconf 67' lang='grc' dir='ltr'><strong><em>θεοῦ</em></strong></span> <span class='ocrx_word' id='word_1_169' title='bbox 689 2460 798 2519; x_wconf 79' lang='lat' dir='ltr'><strong>exoriri</strong></span> <span class='ocrx_word' id='word_1_170' title='bbox 826 2458 952 2518; x_wconf 82' lang='lat' dir='ltr'><strong>verbum</strong></span> <span class='ocrx_word' id='word_1_171' title='bbox 983 2458 1015 2517; x_wconf 87' lang='lat' dir='ltr'><strong>et</strong></span> <span class='ocrx_word' id='word_1_172' title='bbox 1043 2458 1187 2533; x_wconf 80' lang='lat' dir='ltr'><strong>spirituus</strong></span> 
     </span>
     <span class='ocr_line' id='line_1_21' title="bbox 63 2566 1187 2647; baseline 0.001 -21"><span class='ocrx_word' id='word_1_173' title='bbox 63 2629 66 2638; x_wconf 75' lang='grc'>,</span> <span class='ocrx_word' id='word_1_174' title='bbox 94 2567 278 2647; x_wconf 81' lang='lat' dir='ltr'><strong>arbitratus,</strong></span> <span class='ocrx_word' id='word_1_175' title='bbox 317 2583 410 2642; x_wconf 88' lang='lat' dir='ltr'><strong>quarn</strong></span> <span class='ocrx_word' id='word_1_176' title='bbox 439 2566 472 2624; x_wconf 93' lang='lat' dir='ltr'><strong>in</strong></span> <span class='ocrx_word' id='word_1_177' title='bbox 499 2566 610 2624; x_wconf 85' lang='lat' dir='ltr'><strong>natura</strong></span> <span class='ocrx_word' id='word_1_178' title='bbox 646 2566 747 2627; x_wconf 79' lang='lat' dir='ltr'><strong>divina</strong></span> <span class='ocrx_word' id='word_1_179' title='bbox 773 2569 916 2628; x_wconf 78' lang='lat' dir='ltr'><strong>universe</strong></span> <span class='ocrx_word' id='word_1_180' title='bbox 944 2569 1020 2639; x_wconf 75' lang='grc' dir='ltr'><strong><em>νοῦς,</em></strong></span> <span class='ocrx_word' id='word_1_181' title='bbox 1044 2567 1128 2639; x_wconf 65' lang='grc' dir='ltr'><strong><em>λόγος</em></strong></span> <span class='ocrx_word' id='word_1_182' title='bbox 1155 2571 1187 2627; x_wconf 82' lang='lat' dir='ltr'><strong>et</strong></span> 
     </span>
     <span class='ocr_line' id='line_1_22' title="bbox 94 2675 1187 2760; baseline 0.011 -26"><span class='ocrx_word' id='word_1_183' title='bbox 94 2677 205 2748; x_wconf 73' lang='lat' dir='ltr'><strong>maipa</strong></span> <span class='ocrx_word' id='word_1_184' title='bbox 227 2676 299 2748; x_wconf 84' lang='lat' dir='ltr'><strong>sint,</strong></span> <span class='ocrx_word' id='word_1_185' title='bbox 320 2679 356 2735; x_wconf 92' lang='lat' dir='ltr'><strong>ut</strong></span> <span class='ocrx_word' id='word_1_186' title='bbox 376 2677 408 2735; x_wconf 91' lang='lat' dir='ltr'><strong>in</strong></span> <span class='ocrx_word' id='word_1_187' title='bbox 429 2675 563 2735; x_wconf 82' lang='lat' dir='ltr'><strong>humana</strong></span> <span class='ocrx_word' id='word_1_188' title='bbox 581 2688 665 2751; x_wconf 77' lang='grc' dir='ltr'><strong><em>νοῦς,</em></strong></span> <span class='ocrx_word' id='word_1_189' title='bbox 682 2685 763 2758; x_wconf 72' lang='grc' dir='ltr'><strong><em>λόγος</em></strong></span> <span class='ocrx_word' id='word_1_190' title='bbox 779 2683 882 2757; x_wconf 69' lang='grc' dir='ltr'><strong><em>νοητὰς</em></strong></span> <span class='ocrx_word' id='word_1_191' title='bbox 903 2680 935 2736; x_wconf 85' lang='lat' dir='ltr'><strong>et</strong></span> <span class='ocrx_word' id='word_1_192' title='bbox 954 2687 1068 2759; x_wconf 71' lang='grc' dir='ltr'><strong>θέλησιο</strong></span> <span class='ocrx_word' id='word_1_193' title='bbox 1088 2687 1187 2760; x_wconf 67' lang='lat' dir='ltr'><strong>venri,</strong></span> 
     </span>
     <span class='ocr_line' id='line_1_23' title="bbox 95 2785 1186 2866; baseline 0.003 -21"><span class='ocrx_word' id='word_1_194' title='bbox 95 2803 174 2865; x_wconf 83' lang='lat' dir='ltr'><strong>quae</strong></span> <span class='ocrx_word' id='word_1_195' title='bbox 195 2787 256 2845; x_wconf 88' lang='lat' dir='ltr'><strong>tria</strong></span> <span class='ocrx_word' id='word_1_196' title='bbox 276 2787 307 2844; x_wconf 90' lang='lat' dir='ltr'><strong>in</strong></span> <span class='ocrx_word' id='word_1_197' title='bbox 330 2804 391 2846; x_wconf 91' lang='lat' dir='ltr'><strong>nno</strong></span> <span class='ocrx_word' id='word_1_198' title='bbox 413 2785 564 2846; x_wconf 81' lang='lat' dir='ltr'><strong>hnmanae</strong></span> <span class='ocrx_word' id='word_1_199' title='bbox 586 2788 705 2848; x_wconf 88' lang='lat' dir='ltr'><strong>animae</strong></span> <span class='ocrx_word' id='word_1_200' title='bbox 723 2790 875 2866; x_wconf 89' lang='lat' dir='ltr'><strong>principio</strong></span> <span class='ocrx_word' id='word_1_201' title='bbox 893 2790 1071 2848; x_wconf 83' lang='lat' dir='ltr'><strong>innitantur.</strong></span> <span class='ocrx_word' id='word_1_202' title='bbox 1115 2791 1186 2850; x_wconf 79' lang='lat' dir='ltr'><strong>dam</strong></span> 
     </span>
     <span class='ocr_line' id='line_1_24' title="bbox 93 2895 1188 2979; baseline 0.005 -24"><span class='ocrx_word' id='word_1_203' title='bbox 93 2914 168 2956; x_wconf 85' lang='lat' dir='ltr'><strong>rero</strong></span> <span class='ocrx_word' id='word_1_204' title='bbox 191 2915 228 2957; x_wconf 90' lang='lat' dir='ltr'><strong>ex</strong></span> <span class='ocrx_word' id='word_1_205' title='bbox 248 2896 296 2970; x_wconf 89' lang='lat' dir='ltr'><strong>iis,</strong></span> <span class='ocrx_word' id='word_1_206' title='bbox 319 2915 398 2972; x_wconf 86' lang='lat' dir='ltr'><strong>quea</strong></span> <span class='ocrx_word' id='word_1_207' title='bbox 421 2895 494 2955; x_wconf 83' lang='lat' dir='ltr'><strong>dixit</strong></span> <span class='ocrx_word' id='word_1_208' title='bbox 514 2896 555 2955; x_wconf 91' lang='lat' dir='ltr'><strong>ad</strong></span> <span class='ocrx_word' id='word_1_209' title='bbox 575 2902 755 2959; x_wconf 75' lang='lat' dir='ltr'><strong>naturarum</strong></span> <span class='ocrx_word' id='word_1_210' title='bbox 775 2897 904 2958; x_wconf 87' lang='lat' dir='ltr'><strong>duarum</strong></span> <span class='ocrx_word' id='word_1_211' title='bbox 926 2901 1059 2978; x_wconf 84' lang='lat' dir='ltr'><strong>origines</strong></span> <span class='ocrx_word' id='word_1_212' title='bbox 1082 2901 1188 2979; x_wconf 90' lang='lat' dir='ltr'><strong>expla-</strong></span> 
     </span>
     <span class='ocr_line' id='line_1_25' title="bbox 95 3005 1185 3088; baseline 0.006 -24"><span class='ocrx_word' id='word_1_213' title='bbox 95 3005 232 3079; x_wconf 85' lang='lat' dir='ltr'><strong>nandas,</strong></span> <span class='ocrx_word' id='word_1_214' title='bbox 261 3005 352 3068; x_wconf 76' lang='lat' dir='ltr'><strong>facile</strong></span> <span class='ocrx_word' id='word_1_215' title='bbox 382 3006 538 3083; x_wconf 86' lang='lat' dir='ltr'><strong>sequitur,</strong></span> <span class='ocrx_word' id='word_1_216' title='bbox 569 3024 639 3067; x_wconf 86' lang='lat' dir='ltr'><strong>eum</strong></span> <span class='ocrx_word' id='word_1_217' title='bbox 672 3008 807 3069; x_wconf 88' lang='lat' dir='ltr'><strong>noluisse</strong></span> <span class='ocrx_word' id='word_1_218' title='bbox 829 3010 955 3086; x_wconf 85' lang='lat' dir='ltr'><strong>spiritus</strong></span> <span class='ocrx_word' id='word_1_219' title='bbox 977 3013 1185 3088; x_wconf 85' lang='lat' dir='ltr'><strong>processionis</strong></span> 
     </span>
     <span class='ocr_line' id='line_1_26' title="bbox 93 3111 1186 3198; baseline 0.004 -20"><span class='ocrx_word' id='word_1_220' title='bbox 93 3111 337 3195; x_wconf 75' lang='lat' dir='ltr'><strong>filiunpenisn</strong></span> <span class='ocrx_word' id='word_1_221' title='bbox 359 3118 513 3194; x_wconf 86' lang='lat' dir='ltr'><strong>expertem</strong></span> <span class='ocrx_word' id='word_1_222' title='bbox 534 3135 611 3181; x_wconf 81' lang='lat' dir='ltr'><strong>esse·</strong></span> <span class='ocrx_word' id='word_1_223' title='bbox 655 3117 740 3179; x_wconf 84' lang='lat' dir='ltr'><strong>Deus</strong></span> <span class='ocrx_word' id='word_1_224' title='bbox 760 3137 854 3195; x_wconf 89' lang='lat' dir='ltr'><strong>quum</strong></span> <span class='ocrx_word' id='word_1_225' title='bbox 883 3138 916 3179; x_wconf 87' lang='lat' dir='ltr'><strong>se</strong></span> <span class='ocrx_word' id='word_1_226' title='bbox 943 3121 1120 3198; x_wconf 79' lang='lat' dir='ltr'><strong>intueatur3</strong></span> <span class='ocrx_word' id='word_1_227' title='bbox 1150 3141 1186 3182; x_wconf 86' lang='lat' dir='ltr'><strong>se</strong></span> 
     </span>
     <span class='ocr_line' id='line_1_27' title="bbox 95 3227 1186 3308; baseline 0.004 -19"><span class='ocrx_word' id='word_1_228' title='bbox 95 3228 220 3308; x_wconf 82' lang='lat' dir='ltr'><strong>cogitet.</strong></span> <span class='ocrx_word' id='word_1_229' title='bbox 262 3228 349 3287; x_wconf 87' lang='lat' dir='ltr'><strong>Hace</strong></span> <span class='ocrx_word' id='word_1_230' title='bbox 370 3227 439 3304; x_wconf 84' lang='lat' dir='ltr'><strong>ipsa</strong></span> <span class='ocrx_word' id='word_1_231' title='bbox 459 3228 604 3305; x_wconf 76' lang='lat' dir='ltr'><strong>cogitatio</strong></span> <span class='ocrx_word' id='word_1_232' title='bbox 620 3259 663 3272; x_wconf 90' lang='lat'><strong>—</strong></span> <span class='ocrx_word' id='word_1_233' title='bbox 687 3248 779 3306; x_wconf 88' lang='lat' dir='ltr'><strong>quum</strong></span> <span class='ocrx_word' id='word_1_234' title='bbox 803 3231 844 3289; x_wconf 86' lang='lat' dir='ltr'><strong>sit</strong></span> <span class='ocrx_word' id='word_1_235' title='bbox 865 3229 940 3290; x_wconf 88' lang='lat' dir='ltr'><strong>nihil</strong></span> <span class='ocrx_word' id='word_1_236' title='bbox 960 3233 1051 3290; x_wconf 91' lang='lat' dir='ltr'><strong>inane</strong></span> <span class='ocrx_word' id='word_1_237' title='bbox 1074 3251 1112 3292; x_wconf 86' lang='lat' dir='ltr'><strong>ec</strong></span> <span class='ocrx_word' id='word_1_238' title='bbox 1132 3251 1186 3292; x_wconf 82' lang='lat' dir='ltr'><strong>ra·</strong></span> 
     </span>
     <span class='ocr_line' id='line_1_28' title="bbox 93 3335 1186 3417; baseline 0.005 -18"><span class='ocrx_word' id='word_1_239' title='bbox 93 3357 167 3399; x_wconf 89' lang='lat' dir='ltr'><strong>num</strong></span> <span class='ocrx_word' id='word_1_240' title='bbox 189 3339 221 3397; x_wconf 92' lang='lat' dir='ltr'><strong>in</strong></span> <span class='ocrx_word' id='word_1_241' title='bbox 243 3336 300 3398; x_wconf 90' lang='lat' dir='ltr'><strong>deo</strong></span> <span class='ocrx_word' id='word_1_242' title='bbox 315 3366 360 3381; x_wconf 87' lang='lat'><strong>-·</strong></span> <span class='ocrx_word' id='word_1_243' title='bbox 375 3340 424 3398; x_wconf 88' lang='lat' dir='ltr'><strong>est</strong></span> <span class='ocrx_word' id='word_1_244' title='bbox 451 3335 500 3396; x_wconf 90' lang='lat' dir='ltr'><strong>dei</strong></span> <span class='ocrx_word' id='word_1_245' title='bbox 529 3336 611 3399; x_wconf 84' lang='lat' dir='ltr'><strong>filius</strong></span> <span class='ocrx_word' id='word_1_246' title='bbox 640 3358 696 3400; x_wconf 85' lang='lat' dir='ltr'><strong>sen</strong></span> <span class='ocrx_word' id='word_1_247' title='bbox 716 3341 875 3417; x_wconf 78' lang='lat' dir='ltr'><strong>supientia.</strong></span> <span class='ocrx_word' id='word_1_248' title='bbox 919 3341 981 3400; x_wconf 92' lang='lat' dir='ltr'><strong>Per</strong></span> <span class='ocrx_word' id='word_1_249' title='bbox 1009 3341 1090 3403; x_wconf 85' lang='lat' dir='ltr'><strong>hanc</strong></span> <span class='ocrx_word' id='word_1_250' title='bbox 1111 3363 1186 3404; x_wconf 83' lang='lat' dir='ltr'><strong>rere</strong></span> 
     </span>
     <span class='ocr_line' id='line_1_29' title="bbox 94 3445 1185 3533; baseline 0.006 -24"><span class='ocrx_word' id='word_1_251' title='bbox 94 3468 128 3510; x_wconf 90' lang='lat' dir='ltr'><strong>se</strong></span> <span class='ocrx_word' id='word_1_252' title='bbox 148 3451 250 3528; x_wconf 89' lang='lat' dir='ltr'><strong>ipsum</strong></span> <span class='ocrx_word' id='word_1_253' title='bbox 273 3447 349 3507; x_wconf 88' lang='lat' dir='ltr'><strong>deus</strong></span> <span class='ocrx_word' id='word_1_254' title='bbox 372 3451 404 3507; x_wconf 90' lang='lat' dir='ltr'><strong>et</strong></span> <span class='ocrx_word' id='word_1_255' title='bbox 423 3445 566 3527; x_wconf 87' lang='lat' dir='ltr'><strong>intelligit</strong></span> <span class='ocrx_word' id='word_1_256' title='bbox 594 3453 626 3510; x_wconf 87' lang='lat' dir='ltr'><strong>et</strong></span> <span class='ocrx_word' id='word_1_257' title='bbox 655 3450 771 3532; x_wconf 80' lang='lat' dir='ltr'><strong>diligit3</strong></span> <span class='ocrx_word' id='word_1_258' title='bbox 808 3453 906 3511; x_wconf 87' lang='lat' dir='ltr'><strong>oritur</strong></span> <span class='ocrx_word' id='word_1_259' title='bbox 934 3453 1029 3533; x_wconf 84' lang='lat' dir='ltr'><strong>igitur</strong></span> <span class='ocrx_word' id='word_1_260' title='bbox 1062 3475 1098 3514; x_wconf 87' lang='lat' dir='ltr'><strong>ex</strong></span> <span class='ocrx_word' id='word_1_261' title='bbox 1128 3473 1185 3516; x_wconf 87' lang='lat' dir='ltr'><strong>sna</strong></span> 
     </span>
     <span class='ocr_line' id='line_1_30' title="bbox 93 3558 1186 3643; baseline 0.005 -23"><span class='ocrx_word' id='word_1_262' title='bbox 93 3561 208 3633; x_wconf 84' lang='lat' dir='ltr'><strong>mente,</strong></span> <span class='ocrx_word' id='word_1_263' title='bbox 229 3576 263 3617; x_wconf 86' lang='lat' dir='ltr'><strong>se</strong></span> <span class='ocrx_word' id='word_1_264' title='bbox 286 3561 317 3616; x_wconf 86' lang='lat' dir='ltr'><strong>et</strong></span> <span class='ocrx_word' id='word_1_265' title='bbox 340 3558 494 3636; x_wconf 78' lang='lat' dir='ltr'><strong>cogitante</strong></span> <span class='ocrx_word' id='word_1_266' title='bbox 517 3564 548 3619; x_wconf 90' lang='lat' dir='ltr'><strong>et</strong></span> <span class='ocrx_word' id='word_1_267' title='bbox 567 3561 769 3643; x_wconf 84' lang='lat' dir='ltr'><strong>intelligente,</strong></span> <span class='ocrx_word' id='word_1_268' title='bbox 791 3562 927 3637; x_wconf 87' lang='lat' dir='ltr'><strong>dilectio,</strong></span> <span class='ocrx_word' id='word_1_269' title='bbox 949 3564 1001 3640; x_wconf 88' lang='lat' dir='ltr'><strong>qni</strong></span> <span class='ocrx_word' id='word_1_270' title='bbox 1024 3568 1073 3624; x_wconf 83' lang='lat' dir='ltr'><strong>est</strong></span> <span class='ocrx_word' id='word_1_271' title='bbox 1094 3566 1186 3643; x_wconf 81' lang='lat' dir='ltr'><strong>spiri-</strong></span> 
     </span>
     <span class='ocr_line' id='line_1_31' title="bbox 92 3666 1187 3765; baseline 0.008 -37"><span class='ocrx_word' id='word_1_272' title='bbox 92 3670 145 3728; x_wconf 86' lang='lat' dir='ltr'><strong>tus</strong></span> <span class='ocrx_word' id='word_1_273' title='bbox 166 3673 302 3730; x_wconf 86' lang='lat' dir='ltr'><strong>sanctus.</strong></span> <span class='ocrx_word' id='word_1_274' title='bbox 345 3666 427 3748; x_wconf 75' lang='lat' dir='ltr'><strong>Ergo</strong></span> <span class='ocrx_word' id='word_1_275' title='bbox 451 3668 482 3727; x_wconf 90' lang='lat' dir='ltr'><strong>in</strong></span> <span class='ocrx_word' id='word_1_276' title='bbox 503 3672 648 3765; x_wconf 75' lang='lat' dir='ltr'><strong>spirando</strong></span> <span class='ocrx_word' id='word_1_277' title='bbox 670 3674 780 3750; x_wconf 87' lang='lat' dir='ltr'><strong>spiritu</strong></span> <span class='ocrx_word' id='word_1_278' title='bbox 801 3692 826 3733; x_wconf 92' lang='lat' dir='ltr'><strong>s.</strong></span> <span class='ocrx_word' id='word_1_279' title='bbox 851 3674 972 3750; x_wconf 89' lang='lat' dir='ltr'><strong>etipsa</strong></span> <span class='ocrx_word' id='word_1_280' title='bbox 1001 3675 1051 3736; x_wconf 90' lang='lat' dir='ltr'><strong>dei</strong></span> <span class='ocrx_word' id='word_1_281' title='bbox 1074 3681 1187 3737; x_wconf 84' lang='lat' dir='ltr'><strong>nature</strong></span> 
     </span>
    </p>
   </div>
   <div class='ocr_carea' id='block_1_3' title="bbox 91 3891 1188 4142">
    <p class='ocr_par' dir='ltr' id='par_1_3' title="bbox 91 3891 1188 4142">
     <span class='ocr_line' id='line_1_32' title="bbox 162 3891 1186 3969; baseline 0.004 -18"><span class='ocrx_word' id='word_1_282' title='bbox 162 3897 191 3962; x_wconf 85' lang='lat'><strong>1)</strong></span> <span class='ocrx_word' id='word_1_283' title='bbox 210 3891 240 3949; x_wconf 88' lang='lat' dir='ltr'><strong>id</strong></span> <span class='ocrx_word' id='word_1_284' title='bbox 254 3895 361 3967; x_wconf 82' lang='lat' dir='ltr'><strong>seepinx</strong></span> <span class='ocrx_word' id='word_1_285' title='bbox 375 3894 411 3953; x_wconf 90' lang='lat' dir='ltr'><strong>de</strong></span> <span class='ocrx_word' id='word_1_286' title='bbox 424 3894 491 3952; x_wconf 85' lang='lat' dir='ltr'><strong>tilio.</strong></span> <span class='ocrx_word' id='word_1_287' title='bbox 505 3898 649 3969; x_wconf 83' lang='lat' dir='ltr'><strong>praedicat,</strong></span> <span class='ocrx_word' id='word_1_288' title='bbox 667 3914 727 3952; x_wconf 85' lang='lat' dir='ltr'><strong>sum</strong></span> <span class='ocrx_word' id='word_1_289' title='bbox 748 3899 848 3955; x_wconf 82' lang='lat' dir='ltr'><strong>scilieet</strong></span> <span class='ocrx_word' id='word_1_290' title='bbox 861 3915 994 3968; x_wconf 81' lang='lat' dir='ltr'><strong>nunquam</strong></span> <span class='ocrx_word' id='word_1_291' title='bbox 1008 3916 1026 3953; x_wconf 86' lang='lat' dir='ltr'><strong>a</strong></span> <span class='ocrx_word' id='word_1_292' title='bbox 1045 3908 1122 3969; x_wconf 83' lang='lat' dir='ltr'><strong>patre</strong></span> <span class='ocrx_word' id='word_1_293' title='bbox 1139 3901 1186 3955; x_wconf 84' lang='lat' dir='ltr'><strong>sb·</strong></span> 
     </span>
     <span class='ocr_line' id='line_1_33' title="bbox 92 3979 1187 4058; baseline 0.008 -26"><span class='ocrx_word' id='word_1_294' title='bbox 92 3995 169 4048; x_wconf 80' lang='lat' dir='ltr'><strong>esse,</strong></span> <span class='ocrx_word' id='word_1_295' title='bbox 187 3979 237 4035; x_wconf 87' lang='lat' dir='ltr'><strong>etsi</strong></span> <span class='ocrx_word' id='word_1_296' title='bbox 259 3980 286 4032; x_wconf 91' lang='lat' dir='ltr'><strong>in</strong></span> <span class='ocrx_word' id='word_1_297' title='bbox 305 3988 377 4035; x_wconf 82' lang='lat' dir='ltr'><strong>terra</strong></span> <span class='ocrx_word' id='word_1_298' title='bbox 398 3983 432 4036; x_wconf 81' lang='lat' dir='ltr'><strong>sit</strong></span> <span class='ocrx_word' id='word_1_299' title='bbox 454 3993 481 4036; x_wconf 87' lang='lat' dir='ltr'><strong>et</strong></span> <span class='ocrx_word' id='word_1_300' title='bbox 502 3984 569 4037; x_wconf 81' lang='lat' dir='ltr'><strong>inter</strong></span> <span class='ocrx_word' id='word_1_301' title='bbox 584 3983 705 4038; x_wconf 75' lang='lat' dir='ltr'><strong>honines</strong></span> <span class='ocrx_word' id='word_1_302' title='bbox 727 3996 858 4039; x_wconf 83' lang='lat' dir='ltr'><strong>versatus.</strong></span> <span class='ocrx_word' id='word_1_303' title='bbox 895 3984 948 4038; x_wconf 79' lang='lat' dir='ltr'><strong>Gir.</strong></span> <span class='ocrx_word' id='word_1_304' title='bbox 972 3990 1033 4058; x_wconf 78' lang='lat' dir='ltr'><strong>pti.</strong></span> <span class='ocrx_word' id='word_1_305' title='bbox 1049 3992 1075 4043; x_wconf 88' lang='grc'><strong>7.</strong></span> <span class='ocrx_word' id='word_1_306' title='bbox 1113 3986 1187 4045; x_wconf 75' lang='lat' dir='ltr'><strong>Qua·</strong></span> 
     </span>
     <span class='ocr_line' id='line_1_34' title="bbox 91 4064 1188 4142; baseline 0.007 -24"><span class='ocrx_word' id='word_1_307' title='bbox 91 4072 203 4136; x_wconf 85' lang='lat' dir='ltr'><strong>propter</strong></span> <span class='ocrx_word' id='word_1_308' title='bbox 224 4064 287 4117; x_wconf 81' lang='lat' dir='ltr'><strong>dicit</strong></span> <span class='ocrx_word' id='word_1_309' title='bbox 308 4080 335 4135; x_wconf 88' lang='lat' dir='ltr'><strong>p.</strong></span> <span class='ocrx_word' id='word_1_310' title='bbox 357 4072 381 4123; x_wconf 87' lang='grc'><strong>8.</strong></span> <span class='ocrx_word' id='word_1_311' title='bbox 405 4070 582 4140; x_wconf 73' lang='lat' dir='ltr'><strong>principium</strong></span> <span class='ocrx_word' id='word_1_312' title='bbox 599 4068 804 4138; x_wconf 77' lang='lat' dir='ltr'><strong>productivum</strong></span> <span class='ocrx_word' id='word_1_313' title='bbox 824 4090 883 4126; x_wconf 84' lang='lat' dir='ltr'><strong>esse</strong></span> <span class='ocrx_word' id='word_1_314' title='bbox 903 4079 1021 4142; x_wconf 84' lang='lat' dir='ltr'><strong>patrem</strong></span> <span class='ocrx_word' id='word_1_315' title='bbox 1043 4080 1072 4126; x_wconf 90' lang='lat' dir='ltr'><strong>et</strong></span> <span class='ocrx_word' id='word_1_316' title='bbox 1095 4076 1188 4127; x_wconf 83' lang='lat' dir='ltr'><strong>ettam</strong></span> 
     </span>
    </p>
   </div>
   <div class='ocr_carea' id='block_1_4' title="bbox 92 4149 1190 4305">
    <p class='ocr_par' dir='ltr' id='par_1_4' title="bbox 92 4149 1190 4305">
     <span class='ocr_line' id='line_1_35' title="bbox 92 4149 1190 4228; baseline 0.008 -25"><span class='ocrx_word' id='word_1_317' title='bbox 92 4149 196 4220; x_wconf 73' lang='lat' dir='ltr'><strong>fitium,</strong></span> <span class='ocrx_word' id='word_1_318' title='bbox 208 4149 369 4222; x_wconf 78' lang='lat' dir='ltr'><strong>productos</strong></span> <span class='ocrx_word' id='word_1_319' title='bbox 389 4160 488 4207; x_wconf 80' lang='lat' dir='ltr'><strong>autem</strong></span> <span class='ocrx_word' id='word_1_320' title='bbox 500 4171 561 4209; x_wconf 81' lang='lat' dir='ltr'><strong>esse</strong></span> <span class='ocrx_word' id='word_1_321' title='bbox 580 4154 676 4223; x_wconf 67' lang='lat' dir='ltr'><strong>litium</strong></span> <span class='ocrx_word' id='word_1_322' title='bbox 697 4161 726 4209; x_wconf 86' lang='lat' dir='ltr'><strong>et</strong></span> <span class='ocrx_word' id='word_1_323' title='bbox 746 4160 880 4228; x_wconf 78' lang='lat' dir='ltr'><strong>spiritum</strong></span> <span class='ocrx_word' id='word_1_324' title='bbox 894 4175 938 4219; x_wconf 83' lang='lat' dir='ltr'><strong>s.‚·</strong></span> <span class='ocrx_word' id='word_1_325' title='bbox 954 4157 1027 4226; x_wconf 67' lang='lat' dir='ltr'><strong>«ruod</strong></span> <span class='ocrx_word' id='word_1_326' title='bbox 1044 4166 1190 4227; x_wconf 80' lang='lat' dir='ltr'><strong>utrumque</strong></span> 
     </span>
     <span class='ocr_line' id='line_1_36' title="bbox 94 4231 806 4305; baseline 0.007 -16"><span class='ocrx_word' id='word_1_327' title='bbox 94 4235 173 4291; x_wconf 80' lang='lat' dir='ltr'><strong>iecile</strong></span> <span class='ocrx_word' id='word_1_328' title='bbox 191 4243 281 4305; x_wconf 86' lang='lat' dir='ltr'><strong>potest</strong></span> <span class='ocrx_word' id='word_1_329' title='bbox 299 4238 456 4292; x_wconf 86' lang='lat' dir='ltr'><strong>consociari.</strong></span> <span class='ocrx_word' id='word_1_330' title='bbox 795 4231 806 4259; x_wconf 72' lang='lat'><strong><em>&#39;</em></strong></span> 
     </span>
    </p>
   </div>
   <div class='ocr_carea' id='block_1_5' title="bbox 0 0 1302 4710">
    <p class='ocr_par' dir='ltr' id='par_1_5' title="bbox 0 0 1302 4710">
     <span class='ocr_line' id='line_1_37' title="bbox 0 0 1302 4710; baseline 0 0"><span class='ocrx_word' id='word_1_331' title='bbox 0 0 1302 4710; x_wconf 95' lang='lat' dir='ltr'><strong> </strong></span> 
     </span>
    </p>
   </div>
  </div>
 </body>
</html>
