2596 4710
489 299 813 395 Prologomerm.
1074 324 1207 377 ιιιιιιιιι

114 486 228 549 lisere
254 488 365 565 patres
397 472 520 565 plaeltla
545 485 754 549 Romanorum
785 488 874 547 nlmls
905 487 1068 549 indulsisse
1097 490 1204 555 erede-

111 600 171 657 ret·
190 602 199 640 '·
228 594 423 675 Quamquam
454 598 536 657 enlm
566 598 689 657 illorum
723 616 798 659 usus
827 618 889 659 non
917 603 981 659 tam
1010 599 1073 661 lato
1106 602 1207 679 patuit

110 706 194 785 apud
216 706 358 768 Graecos
379 724 470 785 quam
493 706 576 783 aprud
596 708 754 769 Romanos
787 712 974 787 scriptorem
1001 712 1105 771 tamen
1126 731 1206 773 uuus·

106 834 205 893 uuam
235 818 281 877 ila
312 818 490 895 luirequeua
522 817 599 893 luit,
630 836 670 879 ee
698 820 803 878 multia
834 822 932 879 risum
962 824 1021 881 est.
1063 820 1108 881 lJt
1134 822 1204 883 bre·

109 930 189 987 riter
224 930 383 1005 repetam,
420 925 505 1003 qnod
534 929 574 989 de
610 929 837 989 catechismo
822 949 887 1009 Jam
926 930 1043 991 dietum
1070 934 1134 1005 est,
1163 933 1206 991 lta

110 1038 151 1099 da
164 1038 234 1122 ,Νι
269 1040 348 1100 actis
384 1038 524 1113 sentio,
544 1038 660 1100 nullam
692 1060 711 1101 a
740 1060 788 1100 me
824 1020 1047 1118 deprehensam
1088 1060 1157 1103 esso
1189 1062 1208 1103 a

103 1140 249 1212 dim
266 1148 419 1230 dogmatis
438 1150 489 1209 rel
511 1148 730 1211 detractionem
751 1150 802 1209 sol
823 1170 929 1211 eorum
951 1154 983 1211 iu
997 1152 1207 1213 Romanorum

66 1237 254 1407 tim
258 1259 516 1321 inmutationem.
530 1258 564 1338 ι)
606 1261 643 1321 In
675 1264 804 1321 materia
831 1278 905 1323 sero
932 1262 981 1322 rel
1011 1281 1092 1321 oeno
1072 1263 1208 1343 gerenda

66 1347 173 1437 ,leet
183 1370 396 1445 ordinanda,
386 1389 419 1430 m
441 1376 690 1468 argumentorum
713 1374 831 1432 ratione
848 1392 884 1433 ae
901 1376 1011 1433 natura
1026 1374 1207 1453 Wiuero⁸),

66 1480 171 1559 'qui
183 1484 223 1541 et
244 1480 323 1542 illud
343 1470 536 1543 Trachiruerl
554 1461 705 1559 judicium
728 1484 766 1541 de
788 1480 974 1561 apocryphis
995 1486 1135 1560 repetiit,
1162 1486 1209 1545 m

66 1565 74 1614 p
105 1597 151 1651 *aa
169 1592 219 1651 eal
239 1589 344 1669 aliqua
363 1589 404 1653 ad
424 1592 582 1653 Romanos
611 1593 778 1653 inclinatio.
821 1594 927 1669 ll’eque
955 1612 1028 1653 roro
1059 1594 1155 1669 haee,
1181 1596 1208 1658 al

108 1718 180 1779 ‘qua
205 1704 273 1777 est,
295 1701 412 1764 crlmlui
441 1704 583 1763 verterim
603 1704 751 1781 patribus.
790 1702 890 1765 recta
911 1710 959 1762 est
978 1704 1050 1763 indo
1072 1704 1208 1763 Grueeo-

107 1812 359 1891 'mn-puledsle
381 1812 552 1889 dilucidior,
576 1798 730 1893 apeillor,
753 1812 848 1890 justis
870 1815 1007 1873 terminis
1029 1816 1125 1893 magis
1148 1816 1208 1873 eir·-

96 1899 326 2001 .·elm'eripta,
356 1926 465 1983 eontra
493 1924 599 1984 hostes
626 1926 659 1987 et
679 1926 727 1985 rel
756 1926 913 1985 Romanos
942 1928 1027 1984 teeia
1048 1942 1086 1983 ae
1105 1930 1205 2003 septa.

69 2034 184 2157 {isses
204 2036 302 2115 igitur
322 2034 469 2095 habemus
495 2036 635 2111 patribus
664 2038 796 2116 gratias,
819 2032 913 2113 quod,
935 2036 1028 2097 uallis
1050 2036 1206 2096 Romano-

66 2152 186 2224 tm
205 2144 353 2225 eornm·
383 2144 546 2219 cedentes,
575 2146 753 2207 calviniana
779 2146 895 2224 placila
915 2146 1128 2223 exstirpantes,
1150 2146 1209 2207 elsi

202 2238 351 2315 omeliam
367 2253 453 2316 ¹eerle
473 2256 709 2333 praecipuorum
732 2257 930 2317 articulorum
952 2256 1084 2317 indicem
1105 2260 1139 2319 et
1157 2276 1210 2319 aa
1290 2317 1296 2347 ,Ι

94 2272 374 2447 Quaem,
336 2366 386 2425 eui
408 2368 434 2423 si
456 2366 530 2443 quid
554 2366 642 2443 desit,
659 2368 750 2428 leoile
770 2388 805 2429 ex
821 2366 1024 2445 consessione
1045 2384 1210 2446 possumus

106 2475 287 2555 supplere,
317 2478 406 2535 nobis
434 2478 624 2553 reliquerint.
667 2478 709 2539 lit
729 2480 755 2537 si
777 2479 901 2556 quondo
923 2480 1047 2556 praeter
1071 2480 1209 2539 Graecos

108 2592 263 2649 meteres
291 2588 448 2647 Romanos
477 2587 658 2662 laudarunt,
688 2587 781 2648 soluti
803 2590 1027 2650 Tertullianum
1049 2585 1097 2668 (p.
1120 2586 1212 2673 439.)

116 2702 150 2770 et
170 2700 390 2776 desperatiorem,
413 2700 498 2759 illum
520 2698 558 2757 de
581 2698 795 2775 episcoporum
825 2700 1039 2774 successione,
1067 2700 1150 2759 buno
1172 2702 1210 2759 de

117 2808 282 2867 insontium
313 2808 463 2885 baptismo
483 2808 742 2887 praeripientem
772 2810 840 2883 quia
863 2811 984 2885 estqui
1009 2810 1120 2868 undeet
1141 2830 1211 2869 euru

121 2920 156 2977 iis
178 2918 390 2993 exprobraret
433 2920 466 2977 Si
488 2918 599 2978 Graeci
622 2938 641 2977 a
661 2918 810 2977 Romanis
834 2922 1014 2999 argumenta
1036 2920 1211 2997 lormasque

122 3032 388 3107 argumentorum,
416 3030 552 3089 rationes
573 3048 611 3089 aa
632 3046 758 3089 caussas
780 3030 909 3089 mutuati
936 3032 1009 3089 sunt
1037 3032 1211 3107 nonnullas,

124 3144 159 3199 ut
185 3158 278 3199 earnm
308 3138 399 3197 lidom
428 3141 620 3217 tutarentur,
646 3158 737 3199 suram
759 3138 928 3199 doctrinam
951 3142 1048 3222 magis
1070 3143 1213 3220 probabi·-

125 3250 184 3311 lem
203 3254 237 3309 et
256 3249 308 3309 rel
335 3248 529 3325 plausibilem
551 3247 737 3325 redderenl3
767 3270 828 3311 nou
851 3270 871 3313 a
891 3252 1022 3328 pristina
1041 3252 1122 3329 nde,
1152 3273 1213 3313 non

129 3366 289 3438 eleutrum
311 3360 452 3418 doctriua
473 3359 637 3418 descivisse
658 3360 787 3435 putandi
810 3366 899 3430 sunt3
933 3361 1040 3423 sedin
1062 3382 1100 3425 ea
1121 3384 1213 3441 erpo-

130 3471 227 3532 urnda
247 3470 426 3545 tuendaque
449 3488 517 3529 esse
547 3470 713 3547 progressi.
756 3474 859 3547 Quare
888 3474 1055 3549 synodum,
1085 3474 1125 3534 de
1154 3492 1216 3551 qua

132 3584 319 3659 quaerimus,
350 3600 411 3641 non
443 3598 500 3659 pro
531 3598 688 3639 sacrorum
708 3580 891 3643 desertionis
913 3590 1005 3661 utapro
1028 3584 1215 3645 inlidelitntis

130 3922 133 3927 '
195 3916 224 3983 1)
242 3910 328 3967 tenen
346 3910 505 3967 Genetriolrte
521 3912 571 3967 der
587 3914 754 3973 cinisello-laon
772 3916 894 3989 llogmen
913 3934 938 3987 p.
954 3918 1014 3971 286.
1027 3925 1084 3971 not.
1261 3868 1269 3901 Ι

195 4024 224 4089 2)
243 4022 431 4093 comparative
455 4021 625 4097 l)nrstellmrg
648 4026 697 4081 dea
724 4024 904 4097 Lellrlrgrills
929 4026 977 4081 der
1008 4026 1217 4084 vererliimlrmn

140 4102 296 4165 elrisllidreo
309 4108 549 4181 liirclreupnrtdeu
568 4116 642 4171 1837.
661 4132 688 4183 p.
706 4120 748 4173 12.
763 4124 820 4169 uel.
