2596 4710
121 318 124 325 ·
175 275 201 347 2
436 268 648 343 uenustas
681 265 910 339 Confessio
961 236 1016 337 Ι.Ι
1095 344 1102 357 ‚

176 456 221 523 dii
241 449 411 539 aliqnando
436 448 581 515 homines
605 469 664 535 per
687 445 974 534 participationem,
995 456 1031 511 ut
1051 456 1147 534 puta:
1177 445 1250 535 Ego

174 564 240 633 dixi
261 562 315 629 Dii
336 561 415 626 estis
437 567 471 625 et
497 559 554 625 filii
584 558 746 637 altissimi3
776 578 836 621 vos
865 565 973 621 auteur
1000 564 1166 645 tamquam
1195 557 1251 623 iro-
1289 628 1292 653 1

174 674 277 743 mines
298 668 477 737 moriemini
498 680 531 734 et
551 669 636 734 sicut
655 690 737 732 unns
761 665 803 733 de
823 666 1022 754 principibus
1042 666 1178 734 cadetis.
1193 669 1225 753 ι)
1290 662 1292 683 “

115 898 121 913 ⁵
261 813 405 881 Multum.
449 813 487 877 Si
507 813 616 898 itaque
637 831 720 875 nnus
740 792 832 875 Deus
860 820 921 889 est,
943 833 1002 877 cur
1029 809 1137 878 dicitis
1160 811 1251 877 σῑὶιω

173 938 241 993 tres
263 944 339 989 esse
360 943 538 1010 personas,
566 929 691 1010 patrem
719 918 885 1004 videlicet,
913 921 1014 987 tilium
1043 930 1078 986 et
1106 920 1250 1008 spiritum

172 1030 344 1102 sanctum?

264 1172 409 1244 Gcoood.
452 1175 542 1242 Ecce
563 1175 611 1241 sic
632 1195 708 1239 esse
727 1184 796 1239 tres
818 1172 955 1240 dicimus
975 1183 1008 1241 et
1029 1195 1139 1239 unum.

258 1286 402 1354 Multum.
424 1364 426 1369 Ι
444 1286 575 1350 Doceas
593 1306 652 1348 nos
669 1304 803 1370 quaeso,
817 1283 981 1370 quomodo
998 1293 1051 1350 est
1064 1302 1151 1349 nnus
1162 1282 1258 1351 Deu-

172 1407 206 1465 et
226 1406 293 1464 tres
315 1417 486 1484 personae,
508 1393 658 1481 quoniam
681 1392 774 1458 nobis
797 1392 912 1460 mirum
934 1394 1070 1479 ridetur,
1088 1388 1249 1483 quomodo
1281 1426 1284 1431 ·

171 1528 255 1575 unus
275 1506 368 1573 Dens
389 1505 443 1590 sit,
463 1511 496 1569 et
514 1510 582 1567 tres
604 1501 637 1567 in
657 1523 698 1567 eo
720 1523 893 1589 personae.
1221 1516 1228 1525 ·
1271 1508 1281 1525 ·

210 1645 224 1671 ’
265 1648 413 1719 Genoad.
454 1643 684 1714 Animadverte
715 1669 838 1734 quaeso
861 1655 895 1713 et
924 1646 1020 1713 facile
1050 1647 1178 1736 poterin
1191 1644 1249 1713 'in'-

170 1761 320 1852 teffigere
340 1757 530 1849 mysterium
549 1766 683 1823 mactae
705 1755 883 1842 Trinitatis,
907 1766 1059 1845 qnantum
1081 1778 1176 1831 mens
1195 1756 1248 1827 hn-
1279 1746 1282 1751 ¹

170 1894 268 1939 mana
288 1871 393 1937 valeat
412 1866 611 1954 intelligere:
633 1888 699 1955 ego
719 1878 827 1934 autem
847 1890 909 1956 pro
929 1868 1050 1963 uiribus
1069 1870 1250 1957 exprimere

171 1979 375 2051 contendam.
438 1975 566 2043 Idcirco
604 1975 720 2044 dicitnr
754 1979 847 2045 Dens
882 2001 948 2045 non
985 1978 1249 2066 interpretanda,

172 2089 335 2180 quianon
363 2087 474 2177 possis
504 2083 575 2175 ejus
611 2097 756 2154 naturam
783 2088 971 2177 percipere,
1007 2111 1113 2177 neque
1139 2087 1248 2157 similis

171 2209 224 2268 est
252 2198 318 2265 nlla
350 2197 443 2263 nobis
472 2217 624 2284 persona.
675 2198 713 2264 Si
742 2199 827 2265 enirn
857 2209 948 2266 esset
975 2221 1119 2287 persona
1148 2199 1250 2282 unice,

170 2310 259 2377 ilium
287 2307 400 2395 procul
432 2305 531 2372 dubio
565 2329 859 2396 cognosceremus,
889 2308 1162 2396 quemadmodum
1191 2332 1248 2377 nos

169 2418 307 2485 invicem
327 2416 569 2505 cognoscimus.
612 2416 680 2483 Sed
710 2427 762 2483 est
789 2441 873 2484 uuus
904 2419 1034 2506 quidem
1058 2420 1165 2505 Dens,
1183 2430 1249 2487 tro

171 2535 278 2596 antem
312 2548 473 2615 personae
506 2524 652 2614 ejusdem
687 2525 832 2608 deitatis;
856 2527 1002 2615 'proinde
1024 2530 1249 2615 animadverte,

172 2658 256 2726 quac
285 2635 401 2703 dicturi
429 2656 551 2703 sumus.
596 2635 875 2716 Quemadmodum
902 2647 955 2704 est
985 2662 1068 2705 unns
1096 2641 1170 2729 soi,
1198 2642 1278 2732 qni.

171 2746 301 2837 quidem
321 2744 433 2812 radios
455 2745 551 2812 habet
571 2744 742 2827 etlumen,
763 2755 901 2834 suntque
922 2747 955 2814 in
975 2748 1047 2814 sole
1067 2759 1137 2819 tres
1159 2752 1248 2842 quusi
1287 2760 1292 2835 ,ἵ

170 2878 344 2947 personae,
365 2855 544 2923 substantia
567 2854 658 2935 solis,
678 2854 789 2922 radius
810 2866 844 2921 et
865 2856 992 2938 lumeu;
1022 2859 1134 2927 radius
1163 2887 1247 2948 rere,

170 2967 225 3056 qui
254 2965 402 3047 discedit,
429 2964 587 3053 lampadis
616 2965 718 3031 instar
748 2976 868 3033 terram
904 2968 1114 3055 percutiens,
1144 2973 1248 3041 lumen
1289 3004 1292 3031 :

170 3085 288 3158 autem,
311 3060 399 3161 quod
419 3072 574 3139 illuminat
593 3073 667 3142 loca
687 3076 870 3159 tenebrosa,
891 3077 1014 3165 absque
1035 3078 1146 3147 radio:
1174 3104 1248 3151 eece

170 3185 280 3271 itaque
303 3190 370 3249 tres
392 3183 484 3271 quasi
504 3205 676 3271 personae,
697 3207 817 3275 corpus
839 3186 964 3253 scilicet
985 3189 1111 3275 solare,
1140 3192 1247 3261 radios

170 3304 205 3363 et
232 3294 356 3376 iumen,
384 3314 449 3358 non
478 3299 584 3359 tamen
614 3293 750 3361 dicimus
779 3305 847 3364 tres
878 3297 984 3381 soles,
1013 3322 1127 3367 verum
1152 3325 1247 3371 nnnm

170 3413 205 3472 et
232 3402 356 3484 solnm,
389 3423 450 3467 uec
480 3400 616 3470 dicimus
647 3426 822 3492 personam
852 3429 966 3491 unam,
998 3408 1058 3474 sed
1089 3418 1169 3478 tres.
1213 3414 1247 3480 Si

169 3513 256 3582 enim
275 3511 375 3579 fueris
399 3511 634 3599 iuterrogatus,
663 3524 743 3603 quot
768 3525 844 3583 sunt
865 3518 955 3584 soles
983 3518 1016 3585 in
1044 3520 1166 3588 coelet
1198 3545 1248 3590 re

168 3621 333 3712 spondere
365 3619 484 3705 debes,
515 3643 598 3689 nnns
631 3632 682 3689 est
710 3620 771 3690 soi.
822 3627 859 3693 Si
892 3637 999 3694 autem
1029 3628 1248 3721 iuterrogatus

168 3734 282 3818 fucris,
297 3754 380 3822 quae
400 3737 476 3794 sunt
496 3752 660 3816 personae
682 3734 713 3798 iu
735 3735 834 3802 sole?
855 3736 1019 3828 responde
1039 3748 1119 3825 tres,
1140 3744 1249 3811 solare

168 3867 301 3934 corpus,
321 3838 432 3910 radius
454 3847 488 3905 et
508 3839 624 3907 iumen.
669 3842 823 3912 Similiter
851 3847 1053 3916 sentiendum
1077 3860 1131 3917 est
1153 3853 1249 3921 etiam

168 3952 211 4023 de
240 3957 324 4021 Deo.
374 3947 466 4014 Deus
495 3949 625 4038 quidem
658 3973 760 4040 unns,
787 3978 950 4046 personae
978 3969 1086 4028 auum
1114 3961 1148 4030 in
1174 3964 1248 4033 Deo

167 4101 371 4117 ——u-—fl-

198 4176 229 4248 1)
247 4168 295 4230 Pr.
312 4170 449 4229 Lxxxtt
469 4177 495 4232 6.
514 4181 539 4235 7.
