2596 4710
435 517 755 611 Protogomens.
1081 542 1147 591 xm

57 702 236 765 eorumdem
272 702 397 765 iliorum
428 704 773 779 sententionunqunm
789 718 871 789 'osse
907 702 1006 779 possit
1034 708 1143 785 ἄλογος,

56 815 166 875 Dicere
188 816 295 875 autem
316 830 411 875 ausus
433 816 498 885 est,
515 820 620 894 ,Λόγοι
639 814 671 872 in
692 813 760 872 Deo
787 813 857 889 ipso
886 830 955 873 essa
983 818 1015 872 et
1041 817 1144 873 tamen

55 943 110 1003 per
143 944 179 985 se
207 924 437 986 subsistentem.
480 922 618 985 Priscam
656 924 736 983 enim
764 922 948 984 sententiam
980 927 1052 981 ente
1079 922 1145 1001 jam

57 1046 86 1114 p:
106 1038 156 1095 17.
180 1037 342 1114 protessus
362 1036 437 1095 tuiis
470 1035 676 1112 quodcunque
698 1035 738 1093 sit
759 1034 789 1091 in
811 1032 877 1092 Deo
900 1036 932 1093 et
952 1052 989 1093 ex
1009 1033 1093 1108 Deo,
1114 1034 1146 1093 id

57 1166 112 1205 sua
143 1152 256 1205 natura
286 1144 403 1223 (Crusii
430 1162 538 1204 rursus
571 1145 733 1204 lectionem
766 1147 891 1203 secutus
920 1142 1011 1219 suns)
1047 1142 1146 1203 Deum

56 1259 157 1333 ipsum
181 1276 260 1329 esse,
284 1258 409 1316 nonita
431 1238 549 1316 divinae
571 1260 699 1314 naturae
724 1255 810 1330 quasi
831 1253 1011 1329 involutum,
1032 1258 1146 1312 utnon

58 1369 121 1425 suis
144 1369 260 1426 viribus
288 1368 430 1443 exsistat3
460 1367 491 1424 in
523 1365 589 1424 Deo
618 1366 698 1425 enim
729 1364 846 1424 nulium
877 1374 945 1425 esse
967 1372 1145 1448 συμβεβηκός,

55 1477 139 1535 undo
161 1485 256 1555 Λόγον
278 1495 338 1536 non
357 1476 457 1535 solum
475 1478 586 1535 natura
604 1477 651 1534 sui
667 1479 848 1553 compotem,
867 1476 921 1535 sed
940 1477 1032 1535 etiam
1047 1476 1146 1535 Deum

55 1607 134 1646 osse.
179 1586 245 1644 Dixi
269 1588 401 1663 priscam
430 1586 510 1646 hanc
537 1604 606 1647 esse
634 1589 928 1666 argumentationem
958 1590 988 1645 et
1010 1584 1167 1663 philoso-'

54 1699 146 1774 phise
169 1698 302 1773 speciem
325 1715 400 1774 prae
423 1716 456 1757 se
477 1696 568 1757 forre.
611 1696 724 1757 Iisdem
755 1700 835 1758 enirn
859 1698 1029 1757 rationibus
1052 1697 1145 1776 Greg.

55 1807 128 1868 Naz-
145 1810 223 1867 orat
236 1808 350 1867 XXXI.
375 1807 532 1867 declarare
554 1811 683 1866 conatus
706 1811 763 1881 est,
786 1810 926 1884 spiritum
943 1826 1011 1867 esse
1034 1813 1145 1887 edutos,

60 1937 121 1975 non
144 1928 334 1999 συμβεβηκος,
357 1916 502 1994 deinceps
525 1916 616 1975 deum
639 1936 715 1976 esso.
729 1948 770 1963 -
791 1918 894 1996 Viguit
916 1919 1083 1993 antiquitus
1107 1916 1145 1975 de

59 2029 260 2103 inspiratione
282 2028 340 2088 etsi
361 2046 424 2086 uon
457 2028 631 2086 accuratius
661 2026 786 2085 definita
812 2026 889 2086 haec
919 2030 1002 2087 certe
1033 2027 1146 2105 opinio,

57 2157 139 2209 non,
159 2144 196 2195 ut
218 2136 355 2210 ridetur,
389 2136 472 2214 apud
494 2153 600 2195 omues
622 2136 677 2195 sed
700 2136 784 2214 apud
806 2136 987 2196 eruditiores
1012 2155 1049 2196 sc
1070 2136 1148 2203 lihe-

56 2248 204 2309 raliores:
225 2247 321 2308 tuisse
344 2266 406 2306 non
429 2266 534 2307 omnes
556 2264 662 2307 sacros
685 2252 827 2308 auctores
850 2224 957 2308 eodem
979 2248 1079 2307 divino
1101 2220 1149 2307 ai·

56 2358 135 2417 datu
157 2357 308 2437 dignatos,
334 2356 409 2415 alios
430 2358 534 2433 potius
564 2357 631 2417 aliis
663 2360 838 2436 superiores
867 2359 915 2417 vel
943 2357 1077 2438 largiore
1098 2356 1148 2417 rel

58 2468 175 2529 diutius
203 2467 334 2526 durante
362 2466 556 2527 revelationis
585 2468 745 2528 beneficio.
789 2470 858 2528 Hoc
888 2472 972 2528 certe
994 2470 1149 2547 Origenes

59 2578 184 2655 saepius
205 2577 306 2637 iussus
328 2579 395 2655 est,
426 2576 547 2637 disertis
569 2579 668 2637 verbis
692 2580 721 2637 in
744 2579 847 2639 homil.
861 2580 902 2637 'iu
924 2579 1047 2640 Numer.
1066 2578 1148 2640 XVI.

59 2688 109 2750 8.:
134 2688 237 2763 atiqua
257 2687 379 2763 quidem
401 2688 544 2747 dominus
566 2687 689 2778 locutus
712 2694 776 2765 est,
806 2695 836 2751 et
865 2706 927 2750 non
956 2692 1149 2767 propheta03

59 2799 119 2858 alia
143 2818 215 2857 rero
235 2799 408 2873 prophetae
431 2800 463 2856 et
484 2816 544 2855 non
568 2800 720 2860 dominus.
763 2802 837 2860 Pari
858 2802 949 2860 modo
967 2802 1057 2860 etiam
1065 2800 1150 2860 Geu-

10 2992 12 2997 .
61 2910 171 2969 nudius
194 2909 273 2967 hanc
295 2908 352 2967 sibi
375 2908 460 2971 nmis
481 2911 672 2982 sententiam,
694 2913 924 2988 prophatarum,
947 2930 1007 2988 qua
1028 2912 1076 2970 usi
1100 2928 1150 2970 as-

10 3094 12 3101 ,
62 3024 150 3089 sunt,
173 3020 400 3094 inspirationem
423 3023 454 3078 ct
477 3005 629 3079 exitionem
651 3020 746 3081 fuisse
772 3025 804 3081 et
825 3023 1036 3100 interruptam.
1080 3023 1150 3080 Hoc

10 3128 13 3213 ξ
63 3134 147 3189 certo
170 3127 266 3201 tatere
288 3133 365 3207 puto
388 3129 448 3188 illis
468 3129 579 3203 verbis,
604 3148 682 3205 quae
704 3135 776 3190 sunt
796 3151 827 3209 p.
852 3132 916 3191 19.:
939 3134 996 3192 Dei
1019 3132 1151 3190 benevo-

64 3238 158 3299 lentia
174 3241 271 3319 magis
288 3236 420 3298 adaucta
436 3241 483 3297 est
499 3258 534 3297 ex
556 3257 603 3311 eo,
621 3240 703 3314 quod
718 3242 783 3318 ipse
801 3242 876 3301 deus
894 3240 946 3322 (er
963 3243 1062 3339 ῼωείῑ
1078 3242 1150 3302 edit.

65 3351 128 3426 ipse
150 3350 254 3428 Logus
276 3349 395 3408 divinus
417 3352 449 3407 et
469 3344 561 3428 deus)
585 3368 654 3408 cum
677 3354 758 3410 omni
779 3371 836 3412 sua
856 3356 968 3413 virtute
990 3355 1021 3413 in
1043 3354 1152 3413 desum

65 3462 219 3535 persenit,
244 3477 335 3535 quam
356 3460 438 3535 quod
460 3467 580 3537 ἔπεμπεν
610 3472 650 3533 εἰς
679 3470 746 3536 τούς
777 3473 926 3545 προφήτας
961 3472 1050 3531 αὐτοῦ
1083 3476 1152 3543 μίαν

65 3557 177 3633 χάρινῆ
197 3561 267 3628 δύο,
288 3561 337 3616 sai
360 3563 401 3624 εἰς
425 3557 510 3616 ἄλλον
537 3559 587 3631 μὲν
605 3563 754 3635 προφήτην
773 3565 906 3623 ἐλάττονα
913 3610 922 3639 ,
947 3570 987 3633 εἰς
1010 3564 1094 3624 ἄλλον
1121 3564 1152 3622 dt

65 3676 184 3739 μείζονα.
219 3662 287 3723 Nou
315 3663 409 3741 igitur
431 3662 528 3720 omnis
551 3663 770 3740 prophetarum
792 3668 954 3729 multitudo
977 3669 1082 3729 eadem
1105 3670 1152 3725 iu-

67 3774 230 3848 spiratidne
255 3770 362 3849 adjuta
384 3773 448 3844 est,
476 3772 588 3833 nedum
608 3774 680 3851 iila,
704 3794 782 3850 quae
805 3778 836 3835 in
858 3778 933 3838 Jesu
955 3778 1032 3849 suit,
1064 3779 1152 3853 post-

67 3900 154 3958 quam
178 3882 254 3941 dous
277 3884 343 3960 ipse
366 3875 495 3967 ejusque
516 3894 608 3965 Λόγος
629 3887 657 3945 ei
679 3886 876 3965 inhabitavit;
899 3889 953 3949 sed
975 3886 1066 3948 modo
1088 3906 1153 3947 ma·

63 3994 131 4068 jore
152 3995 244 4053 modo
266 3996 392 4067 minore,
420 3995 525 4071 utique
546 4014 604 4071 pro
627 4014 733 4055 eorum
756 3998 911 4079 dignitato.
955 3997 1019 4057 Nec
1039 4000 1084 4060 eis
1106 4000 1153 4058 in-

63 4104 121 4163 duit
141 4112 239 4183 ιόγος,
267 4104 323 4164 sed
343 4111 443 4185 χάρις,
476 4103 508 4163 id
529 4106 611 4181 quod
644 4107 734 4165 etiam
757 4107 795 4167 de
817 4110 998 4168 cunctemur
1021 4112 1153 4186 scripto-

62 4232 131 4275 rmn
153 4216 263 4275 natura
285 4213 357 4272 dixit
372 4212 545 4275 art15.-
565 4222 661 4297 Λόγος
678 4234 752 4277 vero
775 4234 831 4277 cur
853 4235 923 4276 cum
938 4218 1059 4280 homine
1076 4217 1153 4279 Josu

64 4322 262 4404 copularetur
284 4324 465 4401 oportuerit,
486 4322 565 4385 bene
586 4327 728 4402 exposuit
750 4328 928 4388 Gennadius
950 4349 982 4407 p.
1003 4330 1070 4404 14„
1095 4350 1153 4389 noc

64 4436 117 4497 toc
140 4437 171 4494 in
193 4432 264 4495 loco
288 4453 306 4493 s
327 4436 496 4511 priscorum
527 4434 808 4514 philosophantium
842 4438 1055 4519 theologorum
1079 4441 1153 4501 alio-
1198 4490 1201 4495 .

1200 4510 1205 4521 '
1231 4504 1240 4581 i
