2596 4710
73 310 77 321 ·
107 287 154 331 ax
401 258 404 263 ’
496 259 819 353 l'rolegomens.

107 448 297 507 ordinatione
320 444 372 502 ills
392 450 457 505 tum
480 445 510 501 iu
532 445 718 505 catechismo
741 445 858 503 minore
881 446 1056 523 proposita,'
1079 446 1120 507 ab
1140 446 1202 509 bec

107 556 275 616 orthodoxa
308 556 500 615 consessione
522 554 688 628 recedant,
718 554 832 614 nubam
855 555 947 632 hujus
972 555 1055 635 apud
1077 557 1201 619 Russus

107 687 175 729 esse
205 667 438 742 auctoritatem
467 664 608 724 videntur
636 669 739 725 trumo
769 665 845 725 heec
875 665 1052 727 discrimine
1086 672 1200 745 purtim

105 797 206 856 paucu
222 795 292 837 esse
314 779 347 836 et
367 776 475 852 erilin3
505 776 617 851 partim
638 776 706 852 ipse
726 775 777 834 ille
800 777 934 853 scriptor
957 779 1119 839 confessus
1142 784 1200 852 est,

105 892 134 949 in
166 888 305 966 plurimis
333 888 473 963 pertibus
510 884 688 964 religionem
726 885 916 947 Graecorum
956 892 989 948 et
1020 889 1198 952 ·Russorum

103 1004 189 1059 recte
210 998 263 1057 illo
282 996 361 1056 libro
383 994 551 1071 symbolice
567 997 727 1055 contineri.
771 997 904 1056 Unicum
924 999 1096 1073 symbolum
1119 1022 1197 1062 uun-

103 1110 227 1186 cuparit
246 1108 328 1166 hune
350 1107 464 1165 librum
485 1107 576 1167 etiam
593 1105 750 1165 Frischius
773 1109 803 1166 in
826 1107 970 1185 praeiet,
992 1129 1084 1185 quem
1108 1132 1196 1189 prac-

103 1221 185 1279 misit
211 1219 384 1294 interpreti.
408 1216 627 1289 Germanicee,
657 1219 807 1291 testatus,
840 1235 874 1277 so
909 1218 947 1279 de
977 1238 1096 1281 summe
1126 1223 1194 1283 libri

101 1330 286 1397 auctoritate
307 1330 345 1388 eb
369 1328 444 1404 ipsis
464 1326 576 1386 Ruesis
605 1327 767 1385 certiorem
790 1328 906 1387 lectum
929 1348 1007 1391 esse.
1048 1332 1128 1393 Item
1150 1334 1193 1393 le-

102 1442 201 1520 gimus
223 1439 307 1516 apud
327 1436 537 1497 Holmauuum
558 1437 645 1511 (bist.
663 1437 731 1497 ces
754 1438 785 1510 ὅ.
804 1434 862 1518 9.),
884 1458 917 1500 se
940 1459 976 1499 ex
990 1440 1095 1503 multis
1111 1444 1192 1504 Rus.

101 1556 161 1625 sis,
184 1551 366 1627 quibuscum
388 1546 625 1607 familiaritatem
647 1547 806 1622 habuerit,
836 1552 1021 1624 quaesivisse
1048 1552 1087 1612 de
1110 1559 1192 1616 cete-

100 1663 208 1722 chismi
229 1660 409 1732 sanctitate,
430 1660 548 1734 sibique
572 1676 695 1735 semper
715 1676 899 1735 responsum
922 1680 1002 1736 esse,
1025 1665 1141 1739 optime
1161 1670 1191 1726 et

101 1774 269 1834 certissime
299 1789 334 1830 eu
374 1788 411 1830 eo
449 1769 629 1849 religionem
661 1770 862 1829 Orientalium
901 1791 994 1848 posse
1036 1779 1190 1855 cognosci.

99 1886 298 1961 Quapropter
326 1883 417 1942 etism
448 1882 500 1957 qui
530 1899 592 1940 uon
624 1880 662 1940 de
692 1882 766 1955 ipsis
790 1880 940 1960 dogmatis
971 1884 1025 1944 sed
1047 1886 1085 1947 de
1109 1892 1189 1949 statu

98 1995 147 2055 sel
168 1994 208 2054 de
230 1993 316 2053 cultu
339 1992 420 2051 illius
445 1990 594 2050 ecclesiae
618 1992 826 2067 scripserunt,
856 2012 892 2051 er
913 1993 971 2052 hac
995 1997 1188 2058 confessione

97 2104 193 2165 veluti
214 2123 249 2163 ex
271 2105 364 2162 totius
394 2102 542 2161 ecclesiae
572 2101 772 2160 fundamento
804 2107 917 2162 cuncte
944 2110 1087 2182 repetere
1116 2111 1189 2169 satis

97 2216 281 2276 habueruut.
326 2214 378 2272 Sic
399 2231 465 2271 rem
494 2229 581 2270 suem
610 2215 771 2270 exsecutus
800 2216 848 2271 est
868 2215 923 2273 ΤΛ.
945 2214 1100 2279 Smitbius
1123 2221 1187 2279 ulii·

97 2345 168 2402 que,
199 2329 231 2384 et
252 2325 305 2400 qui
327 2323 537 2383 recentissime
560 2339 596 2381 eu
621 2322 688 2396 ipsa
710 2321 882 2383 Russorum
905 2330 997 2405 gente
1020 2327 1059 2388 de
1082 2334 1186 2407 sacris

96 2456 177 2514 quoe
198 2437 283 2495 ubire
305 2434 439 2493 officium
460 2436 524 2503 est,
554 2433 694 2507 exposuit
715 2435 915 2513 Murawieff,
946 2441 1088 2514 superior
1116 2460 1188 2519 pro·

96 2552 259 2608 curaturae
282 2545 406 2622 adjutor
437 2542 476 2601 ad
505 2544 643 2602 sanctem
666 2543 833 2620 synodum,
862 2546 953 2623 cujus
973 2548 1098 2611 libellus
1122 2554 1183 2614 ele·

95 2663 205 2740 genter
228 2660 260 2717 et
282 2655 476 2734 sagacissime
499 2655 692 2730 conscriptus
714 2673 734 2713 a
754 2656 907 2719 illuraItio
937 2659 969 2717 iu
991 2664 1185 2725 vernaculam

94 2786 201 2831 versus
224 2770 291 2826 ests
321 2762 436 2840 Briese
458 2765 537 2824 siber
557 2765 618 2825 den
642 2766 858 2827 Gottesdienet
879 2768 938 2828 der
959 2776 1186 2849 morpeslcindi·

93 2882 192 2941 seben
212 2875 350 2949 litote,
379 2875 490 2950 Leips.
509 2874 623 2949 1838„
653 2878 702 2934 cui
734 2877 893 2937 addendus
926 2882 973 2939 est
1000 2882 1125 2946 libellus
1148 2887 1184 2947 ab

93 2992 162 3067 ipso
172 2984 317 3048 llureltio
339 2987 552 3063 conscriptus:
574 2988 794 3067 Erkldreuder
810 2990 942 3070 mosny
954 3011 994 3052 su
1013 2995 1074 3057 dere
1089 3000 1183 3058 Βήσ-

90 3100 148 3179 sea
169 3100 228 3158 ete.
251 3114 276 3157 s.
297 3097 454 3157 Desidiosa
476 3099 534 3157 der
555 3100 767 3176 inerpesldnd.
789 3100 908 3161 Kirclre
937 3106 1019 3163 nacla
1048 3109 1110 3169 desa
1131 3110 1183 3169 be·

91 3219 164 3271 atera
199 3205 415 3284 schrilllr'cben
450 3227 481 3267 ιι.
516 3209 712 3269 msiudliclreu
739 3210 893 3287 Quelleu,
929 3214 1062 3294 Leipsr'p
1093 3219 1183 3281 1838.

91 3323 157 3382 ll'ec
177 3320 281 3397 potest
302 3319 405 3395 prisce
426 3317 480 3377 illa
508 3320 540 3379 et
562 3319 600 3378 ab
623 3321 705 3379 omui
727 3326 816 3396 purte
838 3326 1088 3388 commendabilis
1109 3348 1183 3393 con-

91 3433 186 3492 fessio
209 3430 249 3490 ad
270 3432 403 3489 veterem
425 3446 513 3491 suurn
533 3428 678 3510 gloriam,
709 3433 734 3489 si
765 3432 838 3507 quid
868 3435 896 3493 ei
926 3454 1060 3509 uuquam
1081 3438 1184 3501 detre-

90 3545 173 3603 ctum
197 3542 246 3614 sil,
266 3538 327 3600 bac
348 3541 530 3615 tempestate
553 3561 615 3601 nou
637 3544 816 3620 pervenire,
839 3562 900 3620 que
920 3549 1126 3622 potentissimi
1146 3572 1184 3615 ac

89 3653 246 3713 fortissimi
269 3651 461 3726 imperatoris
485 3653 646 3728 auspiciis,
677 3654 728 3729 qni
759 3654 919 3731 bucusque
944 3659 1024 3716 intra
1057 3662 1105 3720 sul
1126 3664 1184 3723 im-

90 3765 166 3842 perii
190 3761 266 3821 lines
291 3760 511 3820 catholicorum
536 3761 679 3843 dogmata
701 3767 809 3824 sectati
832 3771 921 3840 sunt,
945 3768 984 3827 ed
1008 3772 1106 3831 avitae
1132 3794 1185 3834 ee·

90 3874 203 3934 clesiee
227 3874 355 3952 gratiam
378 3870 524 3933 redirent.
568 3872 654 3949 Quse
677 3874 797 3949 quidem
828 3897 878 3938 res
910 3879 1103 3956 imperatoris
1125 3852 1209 3963 pos

89 3984 250 4045 tentissimi
280 3983 469 4058 sapientibus
507 3978 642 4043 conditu
671 4004 708 4043 eo
742 3989 837 4066 magis
870 3989 974 4051 debuit
1007 3997 1182 4069 convenire,

88 4116 151 4172 quo
173 4095 269 4172 magis
290 4094 468 4175 amplissimi
489 4094 607 4172 imperii
636 4100 743 4175 gentes
776 4099 806 4159 in
834 4118 928 4160 unum
952 4103 1128 4168 coalescere
1151 4111 1181 4168 in

87 4207 169 4269 rotis
191 4205 293 4267 babet.
