2596 4710
357 298 566 368 Gonnadtt
600 293 827 367 Confessio
879 303 905 369 Ι.
1140 310 1166 377 5

84 488 180 567 pater
209 477 374 567 ingenitus
400 486 469 561 est,
501 487 535 544 et
555 476 823 566 quemadmodum
851 502 960 547 sermo
987 495 1164 571 generatur

86 589 129 654 ab
148 588 220 676 ipsa
240 589 365 671 anima,
395 588 448 654 'ite
467 598 502 655 et
528 589 662 654 verbum
682 588 745 654 Dei
765 611 786 655 a
813 600 906 677 patre
927 603 1165 680 generatimst

85 696 357 787 queamdmodum
378 698 511 785 spiratio
533 706 709 787 generatur
734 700 775 765 ab
810 700 931 786 anima,
965 712 999 767 et
1029 704 1164 791 spiritus

81 817 215 875 nocuus
237 806 388 895 procedit
408 830 428 874 a
448 818 557 894 putre;
579 816 613 874 et
632 806 686 874 dic
706 808 773 874 sicr
796 810 931 890 Anime,
952 832 1075 894 wrmo,
1095 815 1163 901 spi-

80 920 184 1000 ratio,
216 919 326 1017 animq
350 940 415 985 una
445 927 479 984 et
508 940 573 984 non
599 926 677 984 tres.
725 920 776 984 lta
797 928 831 986 et
850 929 954 1007 peter.
977 925 1109 990 verbum
1129 935 1164 991 et

80 1028 216 1117 spiritus
238 1038 372 1094 sanetus
398 1050 482 1095 unus
502 1030 613 1110 Deus,
635 1050 700 1095 nou
719 1038 798 1096 tres.
838 1006 1069 1120 inseparabilis
1095 1035 1162 1102 aui-

80 1160 149 1223 n,
169 1147 206 1204 et
225 1160 336 1205 sermo
358 1148 392 1205 et
411 1138 545 1226 spiratio
565 1158 630 1202 una
650 1138 755 1205 anima
775 1149 809 1206 et
829 1162 893 1208 nou
915 1150 1005 1225 tres,
1033 1145 1162 1231 insepa-

80 1248 189 1317 nouis
218 1258 313 1338 peter
342 1259 376 1314 et
405 1250 538 1314 verbum
572 1256 605 1313 et
633 1248 766 1334 spiritus
793 1263 937 1320 sanctus.
987 1254 1162 1320 Invisibilis

80 1380 204 1443 m,
235 1358 402 1424 invisibilis
434 1368 468 1424 et
487 1360 589 1424 Deus.
627 1359 671 1424 Et
692 1360 821 1447 quaudo
843 1371 951 1428 mente
971 1360 1161 1442 haesitabis,

80 1467 246 1558 quomodo
275 1469 382 1555 possit
409 1490 485 1535 esse
512 1489 598 1534 uuus
627 1471 737 1549 Deus,
766 1480 800 1536 et
819 1472 916 1538 trium
936 1493 1160 1558 personarum,

80 1579 188 1669 segite
201 1588 238 1645 et
251 1578 322 1645 dio:
344 1577 621 1660 Quemadmodum
635 1579 820 1645 unimames
833 1590 973 1664 estune,
988 1580 1050 1647 sed
1063 1583 1159 1648 trium

80 1697 274 1779 potestatum
282 1689 396 1773 anima,
410 1689 718 1776 sermoetspireti03
732 1689 776 1754 ita
790 1692 1012 1757 etDeusunus
1021 1698 1082 1772 est,
1097 1691 1158 1756 sed

80 1800 172 1869 bitu
193 1821 419 1887 personarum,
440 1809 542 1887 pater,
563 1799 695 1864 verbum
713 1807 747 1863 et
763 1798 909 1886 spirituus,
931 1810 966 1866 et
986 1798 1039 1865 dic
1059 1801 1159 1865 menti

80 1918 170 1977 nse:
207 1909 246 1973 Si
268 1910 353 1975 enim
374 1911 488 1992 anima,
509 1928 593 1996 quae
614 1918 666 1974 est
685 1918 834 1977 creatura
853 1909 927 1994 Dei,
948 1907 1095 1975 similitor
1123 1919 1159 1976 et

80 2019 126 2087 sot
146 2030 203 2087 est
226 2021 319 2107 quasi
339 2021 435 2086 trium
457 2040 687 2106 personarum,
719 2020 748 2084 si
774 2029 890 2105 natura
912 2028 1020 2086 nutem
1040 2040 1155 2085 eorum

80 2152 139 2198 unu
159 2139 231 2209 est;
251 2139 341 2195 tanto
364 2130 470 2219 magis
489 2131 580 2195 Deus
603 2138 732 2195 creator
744 2130 884 2196 omnium
900 2130 1032 2210 horum3
1054 2152 1157 2217 quare

80 2242 177 2331 igitur
196 2262 263 2306 non
287 2239 432 2327 sequitur
453 2261 547 2322 esse,
579 2239 625 2304 itu
645 2249 681 2306 ut
701 2242 745 2306 sit
766 2262 850 2306 unus
871 2250 905 2306 et
924 2239 1021 2306 trium
1036 2261 1155 2327 perso·

80 2357 214 2418 narumt
234 2352 285 2416 Ita
306 2350 454 2437 profecto
476 2350 590 2432 anima,
611 2371 721 2416 sermo
743 2360 776 2416 et
797 2351 932 2438 spiratio
952 2361 1021 2416 tres
1040 2372 1155 2437 perso-

80 2484 135 2529 rse
154 2469 249 2539 sunt;
279 2460 327 2525 sic
359 2483 442 2526 unus
462 2462 554 2526 Deus
584 2469 618 2526 et
637 2482 702 2526 non
722 2469 801 2526 tres.
842 2463 894 2527 Ita
914 2461 1000 2527 euim
1020 2461 1050 2527 si
1069 2483 1154 2528 sem—

80 2595 133 2660 per
154 2569 357 2651 consideras,
378 2569 421 2635 de
435 2581 547 2636 sancta
559 2572 699 2638 trinitate
716 2592 877 2658 nunquam
891 2571 1025 2637 errabis.
1067 2572 1154 2638 Ecce

80 2683 158 2772 ignis
179 2702 267 2746 unus
288 2688 356 2760 est,
384 2677 445 2744 sed
466 2680 561 2745 trium
584 2689 796 2767 potestatum,
819 2680 881 2745 ista
902 2680 987 2747 enim
1007 2690 1059 2746 est
1079 2702 1153 2769 per-

80 2816 151 2859 rona
172 2791 245 2880 igni
268 2789 423 2879 subjecta,
445 2790 632 2857 ceiefiactivo
651 2799 759 2856 autem
771 2790 872 2854 virtus
888 2789 989 2854 alteru
999 2776 1152 2877 persona,

80 2902 254 2969 dominans
269 2911 375 2965 autem
391 2901 470 2965 uiia:
487 2924 564 2966 ecce
578 2900 678 2989 igitur
692 2900 783 2988 quasi
801 2907 868 2963 tres
884 2920 1046 2984 personae
1058 2901 1152 2967 unius
1267 2958 1269 2962 .

80 3013 173 3102 ignis,
194 3009 346 3077 videlicet
366 3011 469 3099 ignis,
497 3010 717 3076 caieioctirum
739 3017 772 3074 et
799 3007 1057 3094 illuminativum,
1088 3033 1154 3078 una

80 3133 177 3191 tumen
191 3130 310 3187 natura
324 3121 409 3207 ignis
425 3130 485 3186 est
528 3120 681 3186 Similiter
695 3129 729 3185 et
745 3119 779 3185 iu
790 3120 863 3184 Deo
877 3119 978 3184 Peter
992 3130 1044 3185 est
1055 3120 1153 3206 ignis,

80 3232 173 3298 iilius
188 3252 268 3296 reru
283 3231 513 3313 caiesactirum,
533 3239 567 3296 et
581 3231 721 3317 Spiritus
738 3252 816 3295 rero
834 3229 974 3295 Sanctus
995 3229 1151 3297 illumina·

80 3341 179 3407 tivum.
222 3340 268 3407 Et
295 3339 565 3428 quemadmodum
586 3341 618 3407 in
639 3341 715 3428 igne
742 3339 962 3405 calefactivum
983 3349 1017 3405 et
1037 3340 1150 3406 itiumi-

80 3453 210 3518 natirum
233 3449 370 3516 dicimus
392 3474 488 3516 unum
509 3460 543 3516 et
559 3474 623 3517 non
638 3459 723 3516 tres:
746 3449 840 3515 itaet
859 3449 892 3514 in
906 3450 980 3515 Deo
993 3458 1060 3515 tres
1076 3458 1153 3513 suut

80 3582 253 3645 monae,
278 3547 391 3627 vDeum
414 3570 520 3626 antem
542 3583 638 3626 unum
660 3558 797 3624 dicimus
816 3567 850 3623 et
869 3580 936 3624 non
958 3568 1026 3624 tres
1047 3560 1149 3623 Deos.

81 3670 118 3736 tt
137 3669 177 3736 de
190 3671 380 3759 cognitione
394 3680 526 3737 sanctae
542 3669 707 3736 Trinitatis
728 3669 808 3736 satis
823 3677 884 3751 est,
904 3668 984 3733 haec
1003 3665 1148 3732 eredere.

85 3780 188 3848 Sermo
221 3803 297 3846 vero
328 3782 466 3847 hominis
498 3781 658 3868 duplicem
687 3781 786 3846 habet
817 3778 993 3866 originem,
1022 3775 1149 3843 duabus

86 3891 156 3956 enirn
186 3891 504 3980 pronunciationibus
533 3891 737 3978 producitur,
758 3913 822 3957 une
843 3889 883 3954 ab
904 3885 1026 3969 anima,
1048 3886 1150 3954 ultera

89 4001 216 4068 eiubiis.
259 4001 455 4066 Producitur
477 4001 605 4088 quidem
628 4024 736 4069 sermo
758 4001 798 4064 ab
812 3997 926 4078 anima,
947 3996 1076 4082 quondo
1091 3998 1148 4065 uii-

93 4110 150 4192 quis
168 4111 290 4198 cogitat
310 4110 428 4198 aliquid
443 4112 638 4199 exprimere:
660 4109 815 4198 cogitatio
833 4106 870 4171 fit
889 4113 963 4172 ante
983 4106 1146 4174 formatio·

94 4237 150 4284 nen
167 4221 336 4305 sermonis,
356 4224 506 4311 quoniam
527 4223 651 4311 cogitat
671 4240 864 4303 sermonem,
879 4228 915 4284 ut
935 4218 1092 4305 exprimat
1111 4217 1148 4282 ii-
