2596 4710
451 292 772 383 l'rolegonreua.
1079 320 1162 365 uxnr

65 483 135 543 Hae
156 498 246 555 aero,
278 475 362 553 quod
392 476 499 539 ultimo
521 479 755 543 commemoravi
777 477 864 552 loeo,
893 481 1016 557 saepius
1039 482 1070 539 ln
1091 501 1160 543 mea

67 592 138 654 edit.
161 592 279 651 iactum
303 606 382 659 essa,
404 586 551 647 ridebunt
570 587 704 647 lectores
725 590 916 663 attentiores,
939 592 982 649 ita
1003 595 1037 650 ut
1057 592 1160 663 lectio,

66 721 155 779 quarn
177 702 298 773 dieunt,
320 698 445 778 uulgata
466 699 496 763 in
516 702 603 758 notas
618 698 757 779 relegata
774 700 824 759 sit.
867 700 1053 778 Saepissime
1070 704 1160 761 etiam

65 814 219 890 scriptura
243 811 346 871 differt
364 840 408 860 -ν-
433 810 588 869 soribendl
617 812 697 869 eninr
727 808 830 889 legum
853 811 1040 887 antiquiores
1063 811 1161 873 edito-

66 942 114 983 τοι
137 942 239 999 uque
261 920 408 980 incuriosi
429 917 557 986 inerunt
576 921 669 995 atquo
690 920 966 999 intercidendi-3
987 924 1095 999 paucis
1114 924 1162 981 in-

10 1039 25 1112 f
67 1034 226 1111 terpositis
248 1030 382 1111 plagulis
405 1034 535 1107 apparet
564 1028 642 1089 aliur
673 1048 768 1109 saepe
796 1036 961 1107 essentne,
991 1034 1079 1109 quasi
1101 1034 1162 1095 elie

66 1146 172 1206 essent
194 1140 355 1204 voeabula.
397 1138 486 1222 Elegl
506 1142 600 1221 igitur
622 1158 689 1201 enar
710 1142 911 1219 scripturam,
938 1144 1167 1219 ausoniaene,

67 1261 118 1316 tur
202 1253 358 1313 Graecum
379 1254 455 1317 tuns
473 1252 622 1327 temporis
654 1270 825 1313 sermonem
846 1256 981 1332 proxime
1001 1254 1161 1317 aoeedera.

66 1249 307 1575 Afiaetarie
337 1379 409 1421 sero
439 1362 528 1424 etiam
560 1362 592 1422 in
622 1362 851 1423 obscurioribus
883 1368 916 1424 at
939 1364 1163 1427 dillioilioribus

66 1478 97 1536 lo
128 1494 144 1535 s
166 1476 234 1538 iera
255 1471 472 1533 abstinendum
494 1492 563 1537 esse
585 1472 674 1547 duxi,
703 1491 797 1549 quum
825 1475 856 1534 in
880 1478 1056 1537 universum
1078 1482 1164 1540 serta

67 1587 104 1649 da
126 1589 230 1647 textus
252 1584 429 1645 sinceritate
450 1585 482 1641 et
503 1582 685 1659 anitiqultata
708 1585 780 1642 mibi
804 1589 970 1651 constaret.

152 1695 201 1755 llo
229 1695 351 1773 paginis
380 1692 619 1771 marginalibus,
642 1711 721 1770 quae
743 1695 775 1752 iu
795 1692 960 1757 ll'ornrann.
984 1696 1055 1756 odit.
1079 1698 1163 1756 iuva-

65 1809 204 1877 nluntur,
226 1804 341 1863 diutius
364 1804 516 1876 dubitori3
538 1804 718 1881 praesertim
741 1822 835 1881 quum
858 1804 984 1866 eaodem
1006 1809 1078 1879 sint,
1094 1807 1163 1902 qui·

65 2035 96 2088 et
118 2028 329 2087 Norruennnnr
351 2028 383 2083 ot
406 2024 566 2084 Smitbiuur
599 2025 706 2084 eadent
728 2046 801 2086 usos
823 2046 891 2089 osse
913 2030 1055 2091 editione.
1099 2027 1163 2091 Sed

67 2161 103 2201 aa
125 2140 203 2215 ipsis
225 2136 286 2196 illis
309 2136 410 2193 serbis
433 2134 685 2212 Sparwenleldii,
715 2156 795 2214 quae
824 2158 920 2217 supra
949 2140 987 2199 de
1017 2140 1162 2201 emenda-

65 2250 192 2309 datione
221 2246 275 2305 illa
302 2246 441 2326 longiore
472 2243 582 2317 retuli,
611 2246 765 2325 qrraolibet
787 2250 926 2309 eximitur
947 2254 1047 2311 euirue
1072 2252 1162 2312 dubi-

65 2362 154 2421 tatio.
198 2358 231 2418 le
253 2358 339 2429 dicit,
362 2376 393 2433 p.
419 2354 470 2417 90.
493 2374 562 2415 esse
585 2354 667 2420 illaur
690 2356 830 2417 lectionis
855 2360 1109 2439 discrepantiam,
1133 2372 1164 2422 et

66 2470 177 2531 anderu
198 2468 277 2529 baec
298 2470 347 2527 est
368 2465 449 2543 apud
472 2464 575 2525 ll'ornr.
597 2468 725 2547 margini
749 2469 921 2547 adscripto,
955 2492 1045 2549 quarn
1077 2476 1163 2534 dein-

63 2600 139 2659 ceps
163 2582 286 2639 ceterae
307 2596 364 2637 suo
381 2575 488 2636 ordine
510 2578 672 2652 excipiunt,
717 2578 867 2654 riprorturn
889 2584 981 2661 igitur
997 2589 1054 2651 est,
1069 2605 1160 2665 pagg.

66 2711 187 2772 margg.
209 2710 279 2751 esse
301 2686 610 2766 Sparweuieldiauas,
640 2691 717 2766 puto
739 2708 757 2748 a
779 2690 1013 2773 lleelienbergio
1042 2697 1163 2771 lipsiae

65 2806 138 2865 edit.
164 2802 271 2863 Nornr.
294 2773 442 2877 adjectas.
486 2799 568 2877 Ergo
592 2798 645 2861 tali
668 2799 739 2863 edit.
762 2800 905 2875 llussicn,
926 2804 965 2862 do
987 2824 1048 2879 qna
1068 2826 1164 2881 supr„

65 2914 182 2977 dietum
204 2914 264 2987 est,
284 2929 360 2970 usus
382 2913 431 2969 est
454 2910 610 2968 Sinitbius.
656 2908 732 2984 Ejus
762 2913 843 2971 eninr
873 2915 1051 2990 citationes,
1083 2936 1162 2993 qnae

66 3024 227 3096 dicuutur,
249 3024 373 3081 omnlino
396 3040 466 3079 curn
488 3022 609 3099 paginis
633 3020 694 3081 illis
718 3022 937 3100 marginalibus
966 3034 1162 3107 congruunt3

68 3135 163 3199 veluti
187 3132 272 3212 apud
294 3132 406 3191 Seruitia.
429 3134 468 3191 de
489 3138 576 3191 stein
592 3134 651 3191 ete.
669 3151 699 3208 p.
719 3128 788 3191 111.
811 3132 955 3195 laudatur
976 3138 1064 3199 loeus
1085 3142 1164 3201 (bn-

65 3246 148 3323 sesa.
181 3264 213 3321 p.
248 3242 330 3319 1253
359 3262 450 3318 quern
479 3242 571 3304 lacile
602 3242 755 3319 roperios,
786 3246 837 3302 ubi
869 3245 1164 3313 Nortnannianaruru

68 3354 253 3444 paginarum
283 3372 441 3413 nurnerurn
472 3352 650 3412 contuleris.
694 3353 770 3413 lnile
802 3358 892 3418 etiem
915 3358 966 3433 fit,
989 3366 1023 3421 ut
1046 3366 1164 3422 Sirritbii

68 3464 304 3543 interpretatio,
340 3482 431 3539 quarn
460 3462 537 3521 locis
567 3464 729 3539 descriptis
762 3464 863 3541 addit,
894 3489 913 3530 a
939 3470 1165 3533 ll'orrnanninno

70 3574 219 3649 nudat,
243 3574 327 3651 quod
348 3592 422 3635 earne
444 3576 509 3632 seio
529 3574 594 3651 jain
617 3594 653 3633 ex
675 3593 711 3632 oo
734 3575 877 3638 debuisse
899 3578 984 3652 lieri,
1007 3584 1107 3661 quod,
1132 3590 1167 3644 nt

73 3690 352 3765 engeramnum,
383 3686 556 3746 ll'ormnuni
577 3689 624 3744 ost
647 3686 878 3763 interpretatio,
909 3710 971 3767 qua
1002 3711 1084 3753 nune
1105 3698 1168 3755 uti-

74 3815 153 3870 mur,
174 3801 246 3876 post
270 3796 389 3856 Sinitbii
414 3796 515 3855 studia
538 3796 704 3857 elaborata.

562 3977 602 4075 ς.
654 3990 690 4055 s.

159 4140 309 4213 Sequitur
332 4144 401 4215 post
423 4139 588 4201 Norrnanni
612 4160 715 4202 euroin
741 4142 925 4202 Germanica
946 4166 981 4203 en
1006 4148 1168 4210 Slaronira

72 4250 220 4311 editione.
238 4267 295 4325 per
316 4252 482 4311 ¹dds-iannru
505 4258 623 4331 parata,
646 4255 727 4313 laeta
750 4254 972 4332 interpretatio.
995 4277 1074 4333 qnae
1096 4280 1166 4337 prn-
