2596 4710
89 322 128 399 ιο
475 292 793 388 ilrolegemena.
880 381 884 387 ,

93 501 150 543 oua
172 480 304 557 Ephesi,
333 478 508 557 Dionysius
528 458 680 539 Sardium
691 478 969 558 archiepiscopus,
999 480 1051 556 qui
1073 496 1180 539 omnes

93 592 152 653 hoe
173 588 302 649 consilio
323 588 547 669 gravi'unnerl
575 570 686 655 initiati
711 592 788 649 tnnc
810 592 957 681 temporis
979 593 1069 663 sunt,
1100 591 1181 649 teste
1212 610 1218 621 ·

94 701 281 781 quropnlo,
302 700 355 776 qni
380 700 446 777 ipse
463 698 581 774 synodo
598 699 747 774 interfuit,
767 704 862 789 ts'tn'e'
883 709 1029 780 πρόκριτοι
1055 712 1183 779 παρῶσιν

92 820 125 883 ὃν
140 824 174 895 τῇ
191 819 299 894 cosdem
315 806 356 889 ¹).
399 810 441 869 in
463 811 555 888 igitur
577 808 743 888 Georgium
772 808 944 886 adjutorem
966 813 1029 868 tam
1057 828 1182 888 gravem

92 924 257 998 habebant,
278 922 314 980 ut
334 914 483 994 nonnulii,
506 921 558 994 qui
581 919 731 978 derebus
753 920 926 980 Florentiae
949 921 1025 1003 actis
1048 938 1182 978 comme-

93 1036 258 1117 morarent,
285 1032 408 1109 dignum
431 1050 499 1108 eum
522 1029 686 1102 haberent,
709 1050 800 1105 quem
822 1032 902 1089 inter
924 1049 977 1089 eos
999 1031 1094 1089 luisse
1117 1033 1182 1087 tra-

94 1145 220 1217 derent,
252 1142 305 1215 qui
333 1136 405 1218 post
434 1140 546 1199 multas
576 1138 814 1217 disceptationes
840 1142 956 1200 Latinis
986 1140 1181 1199 assentirent.

94 1255 172 1314 Post
193 1270 265 1311 sero
289 1269 449 1311 revocasse
471 1270 558 1323 eum,
576 1254 699 1310 auctor
727 1255 775 1311 est
794 1252 956 1313 Laeuiano
972 1247 1015 1331 ²).
1060 1252 1181 1313 Scimus

94 1366 185 1437 enim,
207 1380 300 1437 quum
321 1362 449 1420 loannis
463 1361 642 1440 Palaeologi
657 1336 917 1438 Imperatorisde
939 1362 1067 1420 civitatis
1090 1360 1182 1417 ruina

65 1456 225 1535 ¹idrontis
255 1488 350 1547 opera
380 1474 411 1531 et
432 1471 652 1544 Bessarionis‚.⁴
668 1490 757 1546 quem
786 1472 884 1533 Latini
916 1472 1081 1551 ceperant,
1115 1470 1182 1528 eio-

94 1585 218 1663 quentia
238 1580 270 1641 id
291 1586 374 1641 asset
395 1572 555 1655 effectum,
587 1584 624 1641 ut
646 1582 782 1657 Graecos
810 1568 1091 1641 inter.'et1.a'tinos
1113 1575 1182 1638 ioess

49 1666 66 1719 ⁸..
92 1696 151 1755 dus
171 1696 279 1755 initum
302 1694 517 1769 nominumque
547 1692 821 1768 subscriptionibus
843 1690 1063 1751 confirmatum
1086 1696 1180 1765 esset,

92 1824 185 1867 noras
207 1800 473 1877 Constantinopoli
503 1801 542 1860 ob
571 1803 692 1861 niarium
713 1802 911 1887 Imperatoris
946 1807 978 1861 et
1007 1782 1181 1883 legatorum

91 1918 122 1976 in
143 1914 299 1973 Romanos
321 1909 542 1995 indulgentiam
565 1913 711 1971 exarsisse
727 1914 954 1987 contentiones,¹
971 1915 1014 1972 ita
1035 1916 1071 1971 nt
1089 1912 1180 1971 tieret

91 2015 187 2081 Ηνοοοις
210 2017 345 2085 διαίρεσις
358 2018 399 2098 ³),

177 2159 263 2235 Quae
283 2174 356 2216 aare
378 2156 487 2215 mentis
510 2156 669 2237 mutatio,·
685 2176 746 2232 qua
766 2156 882 2220 iactum
903 2159 1002 2232 esset,
1024 2160 1060 2215 ut
1080 2156 1181 2216 Scho-

90 2269 185 2331 iarius
206 2268 299 2327 modo
319 2266 488 2328 florentini
512 2266 631 2325 concilii
661 2266 792 2328 decretis
818 2242 996 2344 assentiret,
1026 2268 1117 2328 modo
1141 2289 1181 2329 ea

89 2380 252 2457 rejiceret,
282 2364 412 2453 denique
435 2395 472 2435 ea
495 2378 607 2436 celebri
629 2377 683 2436 illo
707 2379 785 2437 libro
806 2399 866 2454 pro
888 2378 1017 2439 concilio
1041 2381 1180 2438 conseri-

88 2492 145 2569 pto
173 2508 281 2548 rursus
312 2486 506 2562 defenderet,
536 2492 571 2546 ut
603 2492 709 2565 aperte
738 2489 854 2563 fatear,
886 2509 934 2548 me
966 2487 1045 2548 male
1074 2490 1179 2560 habet.

90 2598 218 2677 Qualem
243 2599 321 2658 enim
343 2599 525 2658 arbitremur
546 2598 643 2657 virum
672 2599 787 2673 luisse,
815 2617 878 2660 non
908 2600 1085 2659 illiteratum
1119 2621 1180 2674 nee

89 2709 330 2787 imprudentem,
352 2707 408 2767 sed
429 2710 537 2766 contra
559 2708 736 2767 eruditionis
759 2712 791 2768 et
812 2709 931 2768 consilii
950 2710 1097 2786 plenum,
1125 2716 1179 2788 qui

88 2819 172 2879 brevi
196 2822 333 2895 tempore
353 2811 403 2877 ter
427 2819 608 2876 sententiam
630 2813 778 2881 mutavit?
820 2818 966 2878 Proiecto
996 2825 1059 2880 tam
1081 2820 1180 2884 izabe-

89 2929 212 3002 cillum,
248 2927 391 2994 mobilem
407 2945 461 3010 *ac-
488 2928 631 2986 stolidum
661 2929 849 2988 celebratum
879 2912 964 2989 illum
994 2936 1024 2989 ot
1054 2931 1181 2994 doctum

87 3036 241 3099 hominem
261 3037 374 3112 luisse,
402 3039 438 3097 ut
459 3037 599 3110 eredam,
629 3054 699 3105 non
714 3056 840 3116 possum
861 3040 901 3099 de
923 3061 971 3101 me
1000 3042 1179 3118 impetrare.

87 3148 276 3229 Beiragatur
298 3166 359 3207 non
382 3146 481 3207 solum
503 3146 570 3225 ejus
591 3151 719 3222 natura,
740 3150 838 3226 aquali
859 3151 954 3211 inisse
977 3171 1046 3211 eum
1069 3152 1178 3232 opina-

88 3276 167 3333 mur,
185 3256 295 3317 deinde
316 3257 394 3319 liber
415 3258 546 3335 illeprn
571 3244 705 3334 quindue
718 3260 893 3322 Florentino
919 3262 1078 3324 aGraecis
1102 3285 1179 3326 con-

88 3368 184 3430 cessis
206 3365 301 3442 loeis;
323 3368 491 3429 sedetiam
511 3345 675 3447 perpetua,
699 3387 789 3446 qnam
811 3352 882 3432 cuna
901 3372 1097 3452 Bessarione,
1118 3379 1179 3439 La-

155 3631 185 3699 1)
201 3628 307 3685 Prodiit
322 3626 380 3700 ejus
395 3626 519 3684 historia
540 3628 656 3686 concilii
671 3628 904 3689 sammonicum
917 3649 989 3691 vers.
1005 3635 1111 3703 Latiam,
1128 3654 1179 3692 no·

87 3712 176 3783 &que
192 3731 225 3769 ac
240 3715 344 3786 prolixa
369 3714 535 3786 praelatione
557 3712 646 3769 studio
662 3714 773 3772 neaera
791 3718 978 3790 Oreyghconii,
1007 3719 1101 3791 [lagae
1126 3720 1181 3775 Co·

87 3800 175 3864 mitis,
191 3817 264 3855 anno
287 3801 387 3855 soeculi
410 3798 505 3854 decimt
521 3804 552 3853 et
566 3800 672 3869 antimi
687 3799 759 3869 Lx„
777 3802 862 3858 forma
877 3807 996 3860 maximo„
1031 3807 1125 3863 Refert
1142 3809 1181 3864 de

87 3884 139 3941 nin
156 3886 257 3939 consilii
274 3882 434 3957 principibus
450 3890 516 3936 sert.
531 3878 576 3935 ΙΙΙ.
592 3900 616 3936 c.
634 3889 676 3941 15.
697 3904 723 3956 p.
734 3892 783 3949 19.
808 3930 811 3935 .

84 4016 88 4027 .
154 3973 184 4036 2)
201 3968 302 4023 illator.
320 3967 393 4021 Libr.
409 3964 472 4019 Vi:
498 3964 607 4039 Μάρκῳ
631 3988 660 4025 ιε
685 3972 724 4037 τῷ
746 3967 863 4043 Ἐφέσου
888 3970 1010 4045 ἀρχιερεῖ
1032 3971 1101 4035 otei
1124 3975 1181 4047 τήν

87 4047 175 4125 ἀρχὴν
189 4053 324 4125 τιθεμένῳ
340 4052 379 4125 τῷ
395 4052 452 4105 τῶν
467 4053 597 4107 Λατίνων
614 4052 732 4125 δόγματι
751 4055 784 4112 τό
802 4058 937 4130 παράπαν
960 4061 1009 4116 nel
1029 4064 1179 4136 Σοὶολαρίῳ

85 4140 123 4215 τῷ
139 4131 406 4208 venenosissima
423 4133 458 4190 τοὶ
475 4133 504 4198 ἐς
522 4139 627 4206 σοφίαν
644 4134 847 4211 εὐδοκιμοῦντι.

149 4228 178 4291 3)
196 4222 296 4281 ilistor.
314 4221 419 4278 Peroe.
439 4221 601 4278 'lurco-Gr.
618 4224 639 4279 i.
667 4244 695 4297 μ.
715 4232 742 4283 i.
